{'depth': {'lastUpdateId': 159984221, 'bids': [['1.58710000', '598.22000000'], ['1.58700000', '252.61000000'], ['1.58610000', '629.50000000'], ['1.58570000', '2993.58000000'], ['1.58500000', '425.00000000'], ['1.58490000', '629.96000000'], ['1.58460000', '3362.59000000'], ['1.58380000', '2090.00000000'], ['1.58370000', '630.04000000'], ['1.58270000', '1294.38000000'], ['1.58260000', '3500.00000000'], ['1.58220000', '1880.00000000'], ['1.58160000', '12.00000000'], ['1.58100000', '3400.72000000'], ['1.58090000', '18665.35000000'], ['1.58030000', '1540.00000000'], ['1.58000000', '154.38000000'], ['1.57910000', '13.12000000'], ['1.57890000', '3566.32000000'], ['1.57870000', '2731.92000000'], ['1.57860000', '48.53000000'], ['1.57850000', '62.80000000'], ['1.57760000', '7.30000000'], ['1.57700000', '88.92000000'], ['1.57650000', '216.91000000'], ['1.57640000', '16.24000000'], ['1.57570000', '9.58000000'], ['1.57560000', '50.00000000'], ['1.57540000', '26.89000000'], ['1.57500000', '126.98000000'], ['1.57460000', '8.32000000'], ['1.57410000', '14.09000000'], ['1.57320000', '8.20000000'], ['1.57310000', '1099.38000000'], ['1.57260000', '942.79000000'], ['1.57230000', '468.93000000'], ['1.57210000', '188.91000000'], ['1.57200000', '125.78000000'], ['1.57180000', '9.18000000'], ['1.57150000', '25.19000000'], ['1.57140000', '42.00000000'], ['1.57120000', '1575.22000000'], ['1.57090000', '8.88000000'], ['1.57020000', '68.29000000'], ['1.57010000', '26.35000000'], ['1.57000000', '251.19000000'], ['1.56980000', '196.20000000'], ['1.56960000', '16.31000000'], ['1.56950000', '18.92000000'], ['1.56940000', '184.51000000'], ['1.56910000', '315.46000000'], ['1.56900000', '72.02000000'], ['1.56890000', '9.56000000'], ['1.56880000', '196.87000000'], ['1.56870000', '63.10000000'], ['1.56830000', '22.89000000'], ['1.56800000', '30.29000000'], ['1.56750000', '300.00000000'], ['1.56720000', '35.25000000'], ['1.56710000', '39.61000000'], ['1.56650000', '31.88000000'], ['1.56640000', '210.46000000'], ['1.56630000', '30.62000000'], ['1.56600000', '29.65000000'], ['1.56590000', '322.99000000'], ['1.56580000', '35.36000000'], ['1.56530000', '11.96000000'], ['1.56510000', '25.56000000'], ['1.56500000', '107301.32000000'], ['1.56490000', '324.14000000'], ['1.56470000', '10.07000000'], ['1.56460000', '8.24000000'], ['1.56420000', '30.00000000'], ['1.56410000', '22.06000000'], ['1.56400000', '63.82000000'], ['1.56390000', '9.22000000'], ['1.56380000', '221.57000000'], ['1.56370000', '11.49000000'], ['1.56360000', '145.62000000'], ['1.56350000', '31.65000000'], ['1.56340000', '65.94000000'], ['1.56320000', '10.15000000'], ['1.56310000', '19.79000000'], ['1.56300000', '12.91000000'], ['1.56280000', '297.00000000'], ['1.56270000', '11.03000000'], ['1.56250000', '7.50000000'], ['1.56240000', '14.25000000'], ['1.56230000', '12.60000000'], ['1.56220000', '25.34000000'], ['1.56120000', '512.59000000'], ['1.56090000', '253.70000000'], ['1.56080000', '40.92000000'], ['1.56070000', '9.99000000'], ['1.56060000', '699.38000000'], ['1.56040000', '20.10000000'], ['1.55990000', '58.59000000'], ['1.55980000', '218.06000000'], ['1.55970000', '2044.96000000'], ['1.55960000', '7.41000000']], 'asks': [['1.58890000', '287.46000000'], ['1.58900000', '132.54000000'], ['1.58940000', '9.51000000'], ['1.58990000', '1586.46000000'], ['1.59000000', '2779.50000000'], ['1.59040000', '120.06000000'], ['1.59050000', '9.14000000'], ['1.59070000', '9.13000000'], ['1.59080000', '826.52000000'], ['1.59110000', '53.72000000'], ['1.59130000', '644.24000000'], ['1.59140000', '28.69000000'], ['1.59170000', '334.13000000'], ['1.59180000', '3598.48000000'], ['1.59190000', '17135.64000000'], ['1.59220000', '17.27000000'], ['1.59240000', '630.56000000'], ['1.59260000', '114.34000000'], ['1.59280000', '30.00000000'], ['1.59340000', '16.17000000'], ['1.59370000', '6.94000000'], ['1.59380000', '630.04000000'], ['1.59400000', '38.78000000'], ['1.59410000', '26.18000000'], ['1.59440000', '12.24000000'], ['1.59450000', '39.26000000'], ['1.59480000', '3500.00000000'], ['1.59490000', '23.04000000'], ['1.59500000', '229.00000000'], ['1.59520000', '19.11000000'], ['1.59540000', '25.08000000'], ['1.59550000', '41.06000000'], ['1.59560000', '200.37000000'], ['1.59580000', '21.53000000'], ['1.59590000', '63.38000000'], ['1.59600000', '20.94000000'], ['1.59620000', '311.17000000'], ['1.59670000', '13.20000000'], ['1.59680000', '2192.85000000'], ['1.59690000', '12.00000000'], ['1.59710000', '46.49000000'], ['1.59730000', '15.98000000'], ['1.59740000', '18.94000000'], ['1.59770000', '11.11000000'], ['1.59780000', '28.12000000'], ['1.59790000', '585.93000000'], ['1.59800000', '3875.07000000'], ['1.59810000', '9.46000000'], ['1.59840000', '2450.00000000'], ['1.59860000', '34.27000000'], ['1.59870000', '9.08000000'], ['1.59880000', '69.93000000'], ['1.59900000', '241.77000000'], ['1.59930000', '21.27000000'], ['1.59940000', '999.00000000'], ['1.59950000', '118.86000000'], ['1.59960000', '84.96000000'], ['1.59970000', '13.39000000'], ['1.59980000', '41.45000000'], ['1.59990000', '51.59000000'], ['1.60000000', '10803.67000000'], ['1.60020000', '48.73000000'], ['1.60030000', '16.10000000'], ['1.60050000', '48.39000000'], ['1.60060000', '31.58000000'], ['1.60140000', '132.50000000'], ['1.60150000', '9.41000000'], ['1.60170000', '49.59000000'], ['1.60180000', '54.75000000'], ['1.60190000', '31.97000000'], ['1.60200000', '112.47000000'], ['1.60220000', '7.02000000'], ['1.60240000', '9.21000000'], ['1.60260000', '14.57000000'], ['1.60270000', '8.11000000'], ['1.60320000', '10.57000000'], ['1.60400000', '12.24000000'], ['1.60420000', '16.43000000'], ['1.60450000', '26.01000000'], ['1.60460000', '14.72000000'], ['1.60470000', '153.70000000'], ['1.60500000', '285.27000000'], ['1.60510000', '73.36000000'], ['1.60520000', '15.71000000'], ['1.60540000', '8.77000000'], ['1.60560000', '2755.83000000'], ['1.60590000', '277.14000000'], ['1.60610000', '22.80000000'], ['1.60650000', '8.59000000'], ['1.60670000', '9.04000000'], ['1.60680000', '9.41000000'], ['1.60710000', '42.00000000'], ['1.60730000', '16.03000000'], ['1.60770000', '222.97000000'], ['1.60790000', '69822.18000000'], ['1.60850000', '95.69000000'], ['1.60870000', '3026.68000000'], ['1.60900000', '1139.45000000'], ['1.60910000', '28.25000000'], ['1.60930000', '6.99000000']]}, 'trades': [{'id': 6378217, 'price': '1.58250000', 'qty': '39.68000000', 'quoteQty': '62.79360000', 'time': 1615128615010, 'isBuyerMaker': True, 'isBestMatch': True}, {'id': 6378218, 'price': '1.58230000', 'qty': '41.07000000', 'quoteQty': '64.98506100', 'time': 1615128615018, 'isBuyerMaker': False, 'isBestMatch': True}, {'id': 6378219, 'price': '1.58260000', 'qty': '25.16000000', 'quoteQty': '39.81821600', 'time': 1615128621434, 'isBuyerMaker': True, 'isBestMatch': True}, {'id': 6378220, 'price': '1.58260000', 'qty': '39.35000000', 'quoteQty': '62.27531000', 'time': 1615128625754, 'isBuyerMaker': False, 'isBestMatch': True}, {'id': 6378221, 'price': '1.58400000', 'qty': '78.00000000', 'quoteQty': '123.55200000', 'time': 1615128626109, 'isBuyerMaker': False, 'isBestMatch': True}, {'id': 6378222, 'price': '1.58410000', 'qty': '734.20000000', 'quoteQty': '1163.04622000', 'time': 1615128626109, 'isBuyerMaker': False, 'isBestMatch': True}, {'id': 6378223, 'price': '1.58420000', 'qty': '632.09000000', 'quoteQty': '1001.35697800', 'time': 1615128626109, 'isBuyerMaker': False, 'isBestMatch': True}, {'id': 6378224, 'price': '1.58420000', 'qty': '60.71000000', 'quoteQty': '96.17678200', 'time': 1615128626116, 'isBuyerMaker': True, 'isBestMatch': True}, {'id': 6378225, 'price': '1.58230000', 'qty': '18.02000000', 'quoteQty': '28.51304600', 'time': 1615128626652, 'isBuyerMaker': True, 'isBestMatch': True}, {'id': 6378226, 'price': '1.58160000', 'qty': '23.68000000', 'quoteQty': '37.45228800', 'time': 1615128626652, 'isBuyerMaker': True, 'isBestMatch': True}, {'id': 6378227, 'price': '1.58400000', 'qty': '15.79000000', 'quoteQty': '25.01136000', 'time': 1615128627344, 'isBuyerMaker': False, 'isBestMatch': True}, {'id': 6378228, 'price': '1.58400000', 'qty': '15.79000000', 'quoteQty': '25.01136000', 'time': 1615128627344, 'isBuyerMaker': False, 'isBestMatch': True}, {'id': 6378229, 'price': '1.58400000', 'qty': '15.79000000', 'quoteQty': '25.01136000', 'time': 1615128627344, 'isBuyerMaker': False, 'isBestMatch': True}, {'id': 6378230, 'price': '1.58400000', 'qty': '15.79000000', 'quoteQty': '25.01136000', 'time': 1615128627344, 'isBuyerMaker': False, 'isBestMatch': True}, {'id': 6378231, 'price': '1.58400000', 'qty': '15.79000000', 'quoteQty': '25.01136000', 'time': 1615128627344, 'isBuyerMaker': False, 'isBestMatch': True}, {'id': 6378232, 'price': '1.58400000', 'qty': '15.79000000', 'quoteQty': '25.01136000', 'time': 1615128627344, 'isBuyerMaker': False, 'isBestMatch': True}, {'id': 6378233, 'price': '1.58400000', 'qty': '15.79000000', 'quoteQty': '25.01136000', 'time': 1615128627344, 'isBuyerMaker': False, 'isBestMatch': True}, {'id': 6378234, 'price': '1.58400000', 'qty': '15.79000000', 'quoteQty': '25.01136000', 'time': 1615128627344, 'isBuyerMaker': False, 'isBestMatch': True}, {'id': 6378235, 'price': '1.58400000', 'qty': '12.66000000', 'quoteQty': '20.05344000', 'time': 1615128627344, 'isBuyerMaker': False, 'isBestMatch': True}, {'id': 6378236, 'price': '1.58410000', 'qty': '729.66000000', 'quoteQty': '1155.85440600', 'time': 1615128627344, 'isBuyerMaker': False, 'isBestMatch': True}, {'id': 6378237, 'price': '1.58420000', 'qty': '632.09000000', 'quoteQty': '1001.35697800', 'time': 1615128627344, 'isBuyerMaker': False, 'isBestMatch': True}, {'id': 6378238, 'price': '1.58480000', 'qty': '400.00000000', 'quoteQty': '633.92000000', 'time': 1615128627344, 'isBuyerMaker': False, 'isBestMatch': True}, {'id': 6378239, 'price': '1.58510000', 'qty': '375.00000000', 'quoteQty': '594.41250000', 'time': 1615128627344, 'isBuyerMaker': False, 'isBestMatch': True}, {'id': 6378240, 'price': '1.58520000', 'qty': '631.71000000', 'quoteQty': '1001.38669200', 'time': 1615128627344, 'isBuyerMaker': False, 'isBestMatch': True}, {'id': 6378241, 'price': '1.58540000', 'qty': '414.69000000', 'quoteQty': '657.44952600', 'time': 1615128627344, 'isBuyerMaker': False, 'isBestMatch': True}, {'id': 6378242, 'price': '1.58550000', 'qty': '16451.87000000', 'quoteQty': '26084.43988500', 'time': 1615128627344, 'isBuyerMaker': False, 'isBestMatch': True}, {'id': 6378243, 'price': '1.58290000', 'qty': '15.77000000', 'quoteQty': '24.96233300', 'time': 1615128629060, 'isBuyerMaker': True, 'isBestMatch': True}, {'id': 6378244, 'price': '1.58290000', 'qty': '15.77000000', 'quoteQty': '24.96233300', 'time': 1615128629060, 'isBuyerMaker': True, 'isBestMatch': True}, {'id': 6378245, 'price': '1.58290000', 'qty': '15.77000000', 'quoteQty': '24.96233300', 'time': 1615128629060, 'isBuyerMaker': True, 'isBestMatch': True}, {'id': 6378246, 'price': '1.58290000', 'qty': '15.77000000', 'quoteQty': '24.96233300', 'time': 1615128629060, 'isBuyerMaker': True, 'isBestMatch': True}, {'id': 6378247, 'price': '1.58290000', 'qty': '15.77000000', 'quoteQty': '24.96233300', 'time': 1615128629060, 'isBuyerMaker': True, 'isBestMatch': True}, {'id': 6378248, 'price': '1.58290000', 'qty': '15.77000000', 'quoteQty': '24.96233300', 'time': 1615128629060, 'isBuyerMaker': True, 'isBestMatch': True}, {'id': 6378249, 'price': '1.58290000', 'qty': '15.77000000', 'quoteQty': '24.96233300', 'time': 1615128629060, 'isBuyerMaker': True, 'isBestMatch': True}, {'id': 6378250, 'price': '1.58290000', 'qty': '15.77000000', 'quoteQty': '24.96233300', 'time': 1615128629060, 'isBuyerMaker': True, 'isBestMatch': True}, {'id': 6378251, 'price': '1.58290000', 'qty': '12.68000000', 'quoteQty': '20.07117200', 'time': 1615128629060, 'isBuyerMaker': True, 'isBestMatch': True}, {'id': 6378252, 'price': '1.58280000', 'qty': '101.79000000', 'quoteQty': '161.11321200', 'time': 1615128629060, 'isBuyerMaker': True, 'isBestMatch': True}, {'id': 6378253, 'price': '1.58280000', 'qty': '324.41000000', 'quoteQty': '513.47614800', 'time': 1615128630088, 'isBuyerMaker': True, 'isBestMatch': True}, {'id': 6378254, 'price': '1.58280000', 'qty': '8.28000000', 'quoteQty': '13.10558400', 'time': 1615128631966, 'isBuyerMaker': True, 'isBestMatch': True}, {'id': 6378255, 'price': '1.58580000', 'qty': '15.77000000', 'quoteQty': '25.00806600', 'time': 1615128639028, 'isBuyerMaker': False, 'isBestMatch': True}, {'id': 6378256, 'price': '1.58580000', 'qty': '15.77000000', 'quoteQty': '25.00806600', 'time': 1615128639028, 'isBuyerMaker': False, 'isBestMatch': True}, {'id': 6378257, 'price': '1.58580000', 'qty': '15.77000000', 'quoteQty': '25.00806600', 'time': 1615128639028, 'isBuyerMaker': False, 'isBestMatch': True}, {'id': 6378258, 'price': '1.58580000', 'qty': '15.77000000', 'quoteQty': '25.00806600', 'time': 1615128639028, 'isBuyerMaker': False, 'isBestMatch': True}, {'id': 6378259, 'price': '1.58580000', 'qty': '15.77000000', 'quoteQty': '25.00806600', 'time': 1615128639028, 'isBuyerMaker': False, 'isBestMatch': True}, {'id': 6378260, 'price': '1.58580000', 'qty': '15.77000000', 'quoteQty': '25.00806600', 'time': 1615128639028, 'isBuyerMaker': False, 'isBestMatch': True}, {'id': 6378261, 'price': '1.58580000', 'qty': '15.77000000', 'quoteQty': '25.00806600', 'time': 1615128639028, 'isBuyerMaker': False, 'isBestMatch': True}, {'id': 6378262, 'price': '1.58580000', 'qty': '15.77000000', 'quoteQty': '25.00806600', 'time': 1615128639028, 'isBuyerMaker': False, 'isBestMatch': True}, {'id': 6378263, 'price': '1.58580000', 'qty': '12.69000000', 'quoteQty': '20.12380200', 'time': 1615128639028, 'isBuyerMaker': False, 'isBestMatch': True}, {'id': 6378264, 'price': '1.58590000', 'qty': '608.27000000', 'quoteQty': '964.65539300', 'time': 1615128639028, 'isBuyerMaker': False, 'isBestMatch': True}, {'id': 6378265, 'price': '1.58610000', 'qty': '252.88000000', 'quoteQty': '401.09296800', 'time': 1615128639028, 'isBuyerMaker': False, 'isBestMatch': True}, {'id': 6378266, 'price': '1.58360000', 'qty': '334.85000000', 'quoteQty': '530.26846000', 'time': 1615128640827, 'isBuyerMaker': True, 'isBestMatch': True}, {'id': 6378267, 'price': '1.58600000', 'qty': '15.77000000', 'quoteQty': '25.01122000', 'time': 1615128642099, 'isBuyerMaker': False, 'isBestMatch': True}, {'id': 6378268, 'price': '1.58600000', 'qty': '7.17000000', 'quoteQty': '11.37162000', 'time': 1615128642099, 'isBuyerMaker': False, 'isBestMatch': True}, {'id': 6378269, 'price': '1.58360000', 'qty': '435.23000000', 'quoteQty': '689.23022800', 'time': 1615128648229, 'isBuyerMaker': True, 'isBestMatch': True}, {'id': 6378270, 'price': '1.58330000', 'qty': '276.74000000', 'quoteQty': '438.16244200', 'time': 1615128648229, 'isBuyerMaker': True, 'isBestMatch': True}, {'id': 6378271, 'price': '1.58320000', 'qty': '400.00000000', 'quoteQty': '633.28000000', 'time': 1615128648229, 'isBuyerMaker': True, 'isBestMatch': True}, {'id': 6378272, 'price': '1.58290000', 'qty': '97.33000000', 'quoteQty': '154.06365700', 'time': 1615128648229, 'isBuyerMaker': True, 'isBestMatch': True}, {'id': 6378273, 'price': '1.58280000', 'qty': '18.95000000', 'quoteQty': '29.99406000', 'time': 1615128648229, 'isBuyerMaker': True, 'isBestMatch': True}, {'id': 6378274, 'price': '1.58240000', 'qty': '24.86000000', 'quoteQty': '39.33846400', 'time': 1615128648229, 'isBuyerMaker': True, 'isBestMatch': True}, {'id': 6378275, 'price': '1.58550000', 'qty': '15.78000000', 'quoteQty': '25.01919000', 'time': 1615128652625, 'isBuyerMaker': False, 'isBestMatch': True}, {'id': 6378276, 'price': '1.58550000', 'qty': '15.78000000', 'quoteQty': '25.01919000', 'time': 1615128652625, 'isBuyerMaker': False, 'isBestMatch': True}, {'id': 6378277, 'price': '1.58550000', 'qty': '15.78000000', 'quoteQty': '25.01919000', 'time': 1615128652625, 'isBuyerMaker': False, 'isBestMatch': True}, {'id': 6378278, 'price': '1.58550000', 'qty': '10.16000000', 'quoteQty': '16.10868000', 'time': 1615128652625, 'isBuyerMaker': False, 'isBestMatch': True}, {'id': 6378279, 'price': '1.58310000', 'qty': '15.78000000', 'quoteQty': '24.98131800', 'time': 1615128655010, 'isBuyerMaker': True, 'isBestMatch': True}, {'id': 6378280, 'price': '1.58310000', 'qty': '15.78000000', 'quoteQty': '24.98131800', 'time': 1615128655010, 'isBuyerMaker': True, 'isBestMatch': True}, {'id': 6378281, 'price': '1.58310000', 'qty': '15.78000000', 'quoteQty': '24.98131800', 'time': 1615128655010, 'isBuyerMaker': True, 'isBestMatch': True}, {'id': 6378282, 'price': '1.58310000', 'qty': '15.78000000', 'quoteQty': '24.98131800', 'time': 1615128655010, 'isBuyerMaker': True, 'isBestMatch': True}, {'id': 6378283, 'price': '1.58310000', 'qty': '15.78000000', 'quoteQty': '24.98131800', 'time': 1615128655010, 'isBuyerMaker': True, 'isBestMatch': True}, {'id': 6378284, 'price': '1.58310000', 'qty': '15.78000000', 'quoteQty': '24.98131800', 'time': 1615128655010, 'isBuyerMaker': True, 'isBestMatch': True}, {'id': 6378285, 'price': '1.58310000', 'qty': '15.78000000', 'quoteQty': '24.98131800', 'time': 1615128655010, 'isBuyerMaker': True, 'isBestMatch': True}, {'id': 6378286, 'price': '1.58310000', 'qty': '15.78000000', 'quoteQty': '24.98131800', 'time': 1615128655010, 'isBuyerMaker': True, 'isBestMatch': True}, {'id': 6378287, 'price': '1.58310000', 'qty': '12.62000000', 'quoteQty': '19.97872200', 'time': 1615128655010, 'isBuyerMaker': True, 'isBestMatch': True}, {'id': 6378288, 'price': '1.58300000', 'qty': '343.31000000', 'quoteQty': '543.45973000', 'time': 1615128655010, 'isBuyerMaker': True, 'isBestMatch': True}, {'id': 6378289, 'price': '1.58550000', 'qty': '5.62000000', 'quoteQty': '8.91051000', 'time': 1615128656707, 'isBuyerMaker': False, 'isBestMatch': True}, {'id': 6378290, 'price': '1.58550000', 'qty': '15.78000000', 'quoteQty': '25.01919000', 'time': 1615128656707, 'isBuyerMaker': False, 'isBestMatch': True}, {'id': 6378291, 'price': '1.58550000', 'qty': '15.78000000', 'quoteQty': '25.01919000', 'time': 1615128656707, 'isBuyerMaker': False, 'isBestMatch': True}, {'id': 6378292, 'price': '1.58550000', 'qty': '15.78000000', 'quoteQty': '25.01919000', 'time': 1615128656707, 'isBuyerMaker': False, 'isBestMatch': True}, {'id': 6378293, 'price': '1.58550000', 'qty': '15.78000000', 'quoteQty': '25.01919000', 'time': 1615128656707, 'isBuyerMaker': False, 'isBestMatch': True}, {'id': 6378294, 'price': '1.58550000', 'qty': '12.63000000', 'quoteQty': '20.02486500', 'time': 1615128656707, 'isBuyerMaker': False, 'isBestMatch': True}, {'id': 6378295, 'price': '1.58560000', 'qty': '108.63000000', 'quoteQty': '172.24372800', 'time': 1615128656707, 'isBuyerMaker': False, 'isBestMatch': True}, {'id': 6378296, 'price': '1.58550000', 'qty': '9.98000000', 'quoteQty': '15.82329000', 'time': 1615128661539, 'isBuyerMaker': False, 'isBestMatch': True}, {'id': 6378297, 'price': '1.58340000', 'qty': '25.26000000', 'quoteQty': '39.99668400', 'time': 1615128662067, 'isBuyerMaker': True, 'isBestMatch': True}, {'id': 6378298, 'price': '1.58550000', 'qty': '32.09000000', 'quoteQty': '50.87869500', 'time': 1615128663785, 'isBuyerMaker': False, 'isBestMatch': True}, {'id': 6378299, 'price': '1.58560000', 'qty': '25.24000000', 'quoteQty': '40.02054400', 'time': 1615128663785, 'isBuyerMaker': False, 'isBestMatch': True}, {'id': 6378300, 'price': '1.58550000', 'qty': '7.07000000', 'quoteQty': '11.20948500', 'time': 1615128663801, 'isBuyerMaker': True, 'isBestMatch': True}, {'id': 6378301, 'price': '1.58380000', 'qty': '80.48000000', 'quoteQty': '127.46422400', 'time': 1615128666979, 'isBuyerMaker': True, 'isBestMatch': True}, {'id': 6378302, 'price': '1.58560000', 'qty': '220.80000000', 'quoteQty': '350.10048000', 'time': 1615128670071, 'isBuyerMaker': False, 'isBestMatch': True}, {'id': 6378303, 'price': '1.58560000', 'qty': '141.37000000', 'quoteQty': '224.15627200', 'time': 1615128672226, 'isBuyerMaker': False, 'isBestMatch': True}, {'id': 6378304, 'price': '1.58560000', 'qty': '38.68000000', 'quoteQty': '61.33100800', 'time': 1615128673321, 'isBuyerMaker': False, 'isBestMatch': True}, {'id': 6378305, 'price': '1.58380000', 'qty': '679.44000000', 'quoteQty': '1076.09707200', 'time': 1615128673650, 'isBuyerMaker': True, 'isBestMatch': True}, {'id': 6378306, 'price': '1.58370000', 'qty': '78.75000000', 'quoteQty': '124.71637500', 'time': 1615128673650, 'isBuyerMaker': True, 'isBestMatch': True}, {'id': 6378307, 'price': '1.58360000', 'qty': '375.00000000', 'quoteQty': '593.85000000', 'time': 1615128673650, 'isBuyerMaker': True, 'isBestMatch': True}, {'id': 6378308, 'price': '1.58360000', 'qty': '360.02000000', 'quoteQty': '570.12767200', 'time': 1615128673650, 'isBuyerMaker': True, 'isBestMatch': True}, {'id': 6378309, 'price': '1.58350000', 'qty': '1226.76000000', 'quoteQty': '1942.57446000', 'time': 1615128673650, 'isBuyerMaker': True, 'isBestMatch': True}, {'id': 6378310, 'price': '1.58380000', 'qty': '16.66000000', 'quoteQty': '26.38610800', 'time': 1615128677658, 'isBuyerMaker': True, 'isBestMatch': True}, {'id': 6378311, 'price': '1.58360000', 'qty': '15.77000000', 'quoteQty': '24.97337200', 'time': 1615128677658, 'isBuyerMaker': True, 'isBestMatch': True}, {'id': 6378312, 'price': '1.58360000', 'qty': '15.77000000', 'quoteQty': '24.97337200', 'time': 1615128677658, 'isBuyerMaker': True, 'isBestMatch': True}, {'id': 6378313, 'price': '1.58360000', 'qty': '15.77000000', 'quoteQty': '24.97337200', 'time': 1615128677658, 'isBuyerMaker': True, 'isBestMatch': True}, {'id': 6378314, 'price': '1.58360000', 'qty': '6.12000000', 'quoteQty': '9.69163200', 'time': 1615128677658, 'isBuyerMaker': True, 'isBestMatch': True}, {'id': 6378315, 'price': '1.58590000', 'qty': '79.25000000', 'quoteQty': '125.68257500', 'time': 1615128680717, 'isBuyerMaker': False, 'isBestMatch': True}, {'id': 6378316, 'price': '1.58360000', 'qty': '9.65000000', 'quoteQty': '15.28174000', 'time': 1615128684247, 'isBuyerMaker': True, 'isBestMatch': True}, {'id': 6378317, 'price': '1.58360000', 'qty': '144.33000000', 'quoteQty': '228.56098800', 'time': 1615128684247, 'isBuyerMaker': True, 'isBestMatch': True}, {'id': 6378318, 'price': '1.58360000', 'qty': '3.86000000', 'quoteQty': '6.11269600', 'time': 1615128684247, 'isBuyerMaker': True, 'isBestMatch': True}, {'id': 6378319, 'price': '1.58600000', 'qty': '45.00000000', 'quoteQty': '71.37000000', 'time': 1615128686777, 'isBuyerMaker': False, 'isBestMatch': True}, {'id': 6378320, 'price': '1.58600000', 'qty': '128.37000000', 'quoteQty': '203.59482000', 'time': 1615128686777, 'isBuyerMaker': False, 'isBestMatch': True}, {'id': 6378321, 'price': '1.58610000', 'qty': '739.63000000', 'quoteQty': '1173.12714300', 'time': 1615128686777, 'isBuyerMaker': False, 'isBestMatch': True}, {'id': 6378322, 'price': '1.58500000', 'qty': '19.64000000', 'quoteQty': '31.12940000', 'time': 1615128687202, 'isBuyerMaker': True, 'isBestMatch': True}, {'id': 6378323, 'price': '1.58620000', 'qty': '42.04000000', 'quoteQty': '66.68384800', 'time': 1615128689979, 'isBuyerMaker': False, 'isBestMatch': True}, {'id': 6378324, 'price': '1.58630000', 'qty': '6.94000000', 'quoteQty': '11.00892200', 'time': 1615128689979, 'isBuyerMaker': False, 'isBestMatch': True}, {'id': 6378325, 'price': '1.58640000', 'qty': '762.83000000', 'quoteQty': '1210.15351200', 'time': 1615128689979, 'isBuyerMaker': False, 'isBestMatch': True}, {'id': 6378326, 'price': '1.58650000', 'qty': '130.44000000', 'quoteQty': '206.94306000', 'time': 1615128689979, 'isBuyerMaker': False, 'isBestMatch': True}, {'id': 6378327, 'price': '1.58640000', 'qty': '778.16000000', 'quoteQty': '1234.47302400', 'time': 1615128690462, 'isBuyerMaker': False, 'isBestMatch': True}, {'id': 6378328, 'price': '1.58650000', 'qty': '549.84000000', 'quoteQty': '872.32116000', 'time': 1615128690462, 'isBuyerMaker': False, 'isBestMatch': True}, {'id': 6378329, 'price': '1.58580000', 'qty': '763.98000000', 'quoteQty': '1211.51948400', 'time': 1615128696018, 'isBuyerMaker': True, 'isBestMatch': True}, {'id': 6378330, 'price': '1.58570000', 'qty': '400.00000000', 'quoteQty': '634.28000000', 'time': 1615128696018, 'isBuyerMaker': True, 'isBestMatch': True}, {'id': 6378331, 'price': '1.58380000', 'qty': '58.80000000', 'quoteQty': '93.12744000', 'time': 1615128696018, 'isBuyerMaker': True, 'isBestMatch': True}, {'id': 6378332, 'price': '1.58370000', 'qty': '280.00000000', 'quoteQty': '443.43600000', 'time': 1615128696018, 'isBuyerMaker': True, 'isBestMatch': True}, {'id': 6378333, 'price': '1.58350000', 'qty': '39.63000000', 'quoteQty': '62.75410500', 'time': 1615128696018, 'isBuyerMaker': True, 'isBestMatch': True}, {'id': 6378334, 'price': '1.58400000', 'qty': '280.00000000', 'quoteQty': '443.52000000', 'time': 1615128707501, 'isBuyerMaker': True, 'isBestMatch': True}, {'id': 6378335, 'price': '1.58400000', 'qty': '198.53000000', 'quoteQty': '314.47152000', 'time': 1615128707501, 'isBuyerMaker': True, 'isBestMatch': True}, {'id': 6378336, 'price': '1.58590000', 'qty': '31.00000000', 'quoteQty': '49.16290000', 'time': 1615128708243, 'isBuyerMaker': False, 'isBestMatch': True}, {'id': 6378337, 'price': '1.58590000', 'qty': '176.00000000', 'quoteQty': '279.11840000', 'time': 1615128708243, 'isBuyerMaker': False, 'isBestMatch': True}, {'id': 6378338, 'price': '1.58640000', 'qty': '485.00000000', 'quoteQty': '769.40400000', 'time': 1615128711247, 'isBuyerMaker': False, 'isBestMatch': True}, {'id': 6378339, 'price': '1.58600000', 'qty': '266.00000000', 'quoteQty': '421.87600000', 'time': 1615128711765, 'isBuyerMaker': False, 'isBestMatch': True}, {'id': 6378340, 'price': '1.58590000', 'qty': '147.60000000', 'quoteQty': '234.07884000', 'time': 1615128714778, 'isBuyerMaker': False, 'isBestMatch': True}, {'id': 6378341, 'price': '1.58600000', 'qty': '144.40000000', 'quoteQty': '229.01840000', 'time': 1615128714778, 'isBuyerMaker': False, 'isBestMatch': True}, {'id': 6378342, 'price': '1.58600000', 'qty': '32.24000000', 'quoteQty': '51.13264000', 'time': 1615128715392, 'isBuyerMaker': False, 'isBestMatch': True}, {'id': 6378343, 'price': '1.58590000', 'qty': '104.06000000', 'quoteQty': '165.02875400', 'time': 1615128720918, 'isBuyerMaker': False, 'isBestMatch': True}, {'id': 6378344, 'price': '1.58590000', 'qty': '10.00000000', 'quoteQty': '15.85900000', 'time': 1615128721040, 'isBuyerMaker': False, 'isBestMatch': True}, {'id': 6378345, 'price': '1.58590000', 'qty': '9.99000000', 'quoteQty': '15.84314100', 'time': 1615128721187, 'isBuyerMaker': False, 'isBestMatch': True}, {'id': 6378346, 'price': '1.58420000', 'qty': '771.05000000', 'quoteQty': '1221.49741000', 'time': 1615128728539, 'isBuyerMaker': True, 'isBestMatch': True}, {'id': 6378347, 'price': '1.58420000', 'qty': '280.00000000', 'quoteQty': '443.57600000', 'time': 1615128728539, 'isBuyerMaker': True, 'isBestMatch': True}, {'id': 6378348, 'price': '1.58370000', 'qty': '280.00000000', 'quoteQty': '443.43600000', 'time': 1615128728552, 'isBuyerMaker': True, 'isBestMatch': True}, {'id': 6378349, 'price': '1.58350000', 'qty': '206.57000000', 'quoteQty': '327.10359500', 'time': 1615128728552, 'isBuyerMaker': True, 'isBestMatch': True}, {'id': 6378350, 'price': '1.58340000', 'qty': '155.67000000', 'quoteQty': '246.48787800', 'time': 1615128728552, 'isBuyerMaker': True, 'isBestMatch': True}, {'id': 6378351, 'price': '1.58360000', 'qty': '280.00000000', 'quoteQty': '443.40800000', 'time': 1615128728775, 'isBuyerMaker': True, 'isBestMatch': True}, {'id': 6378352, 'price': '1.58360000', 'qty': '756.20000000', 'quoteQty': '1197.51832000', 'time': 1615128728775, 'isBuyerMaker': True, 'isBestMatch': True}, {'id': 6378353, 'price': '1.58350000', 'qty': '280.00000000', 'quoteQty': '443.38000000', 'time': 1615128728914, 'isBuyerMaker': True, 'isBestMatch': True}, {'id': 6378354, 'price': '1.58350000', 'qty': '236.57000000', 'quoteQty': '374.60859500', 'time': 1615128728914, 'isBuyerMaker': True, 'isBestMatch': True}, {'id': 6378355, 'price': '1.58350000', 'qty': '543.99000000', 'quoteQty': '861.40816500', 'time': 1615128728919, 'isBuyerMaker': True, 'isBestMatch': True}, {'id': 6378356, 'price': '1.58350000', 'qty': '280.00000000', 'quoteQty': '443.38000000', 'time': 1615128728933, 'isBuyerMaker': True, 'isBestMatch': True}, {'id': 6378357, 'price': '1.58340000', 'qty': '356.15000000', 'quoteQty': '563.92791000', 'time': 1615128728933, 'isBuyerMaker': True, 'isBestMatch': True}, {'id': 6378358, 'price': '1.58350000', 'qty': '471.79000000', 'quoteQty': '747.07946500', 'time': 1615128728950, 'isBuyerMaker': True, 'isBestMatch': True}, {'id': 6378359, 'price': '1.58350000', 'qty': '246.95000000', 'quoteQty': '391.04532500', 'time': 1615128728956, 'isBuyerMaker': True, 'isBestMatch': True}, {'id': 6378360, 'price': '1.58340000', 'qty': '471.79000000', 'quoteQty': '747.03228600', 'time': 1615128728974, 'isBuyerMaker': True, 'isBestMatch': True}, {'id': 6378361, 'price': '1.58330000', 'qty': '696.69000000', 'quoteQty': '1103.06927700', 'time': 1615128728984, 'isBuyerMaker': True, 'isBestMatch': True}, {'id': 6378362, 'price': '1.58240000', 'qty': '9.64000000', 'quoteQty': '15.25433600', 'time': 1615128730017, 'isBuyerMaker': True, 'isBestMatch': True}, {'id': 6378363, 'price': '1.58240000', 'qty': '89.84000000', 'quoteQty': '142.16281600', 'time': 1615128730220, 'isBuyerMaker': True, 'isBestMatch': True}, {'id': 6378364, 'price': '1.58370000', 'qty': '55.02000000', 'quoteQty': '87.13517400', 'time': 1615128731383, 'isBuyerMaker': False, 'isBestMatch': True}, {'id': 6378365, 'price': '1.58370000', 'qty': '126.38000000', 'quoteQty': '200.14800600', 'time': 1615128731474, 'isBuyerMaker': False, 'isBestMatch': True}, {'id': 6378366, 'price': '1.58370000', 'qty': '83.23000000', 'quoteQty': '131.81135100', 'time': 1615128731480, 'isBuyerMaker': False, 'isBestMatch': True}, {'id': 6378367, 'price': '1.58370000', 'qty': '287.19000000', 'quoteQty': '454.82280300', 'time': 1615128731496, 'isBuyerMaker': False, 'isBestMatch': True}, {'id': 6378368, 'price': '1.58370000', 'qty': '202.80000000', 'quoteQty': '321.17436000', 'time': 1615128731569, 'isBuyerMaker': False, 'isBestMatch': True}, {'id': 6378369, 'price': '1.58370000', 'qty': '17.79000000', 'quoteQty': '28.17402300', 'time': 1615128731782, 'isBuyerMaker': False, 'isBestMatch': True}, {'id': 6378370, 'price': '1.58380000', 'qty': '233.79000000', 'quoteQty': '370.27660200', 'time': 1615128731782, 'isBuyerMaker': False, 'isBestMatch': True}, {'id': 6378371, 'price': '1.58400000', 'qty': '141.34000000', 'quoteQty': '223.88256000', 'time': 1615128732734, 'isBuyerMaker': False, 'isBestMatch': True}, {'id': 6378372, 'price': '1.58390000', 'qty': '25.81000000', 'quoteQty': '40.88045900', 'time': 1615128734355, 'isBuyerMaker': False, 'isBestMatch': True}, {'id': 6378373, 'price': '1.58260000', 'qty': '28.67000000', 'quoteQty': '45.37314200', 'time': 1615128737635, 'isBuyerMaker': True, 'isBestMatch': True}, {'id': 6378374, 'price': '1.58370000', 'qty': '36.05000000', 'quoteQty': '57.09238500', 'time': 1615128741567, 'isBuyerMaker': False, 'isBestMatch': True}, {'id': 6378375, 'price': '1.58260000', 'qty': '34.47000000', 'quoteQty': '54.55222200', 'time': 1615128742162, 'isBuyerMaker': True, 'isBestMatch': True}, {'id': 6378376, 'price': '1.58250000', 'qty': '84.34000000', 'quoteQty': '133.46805000', 'time': 1615128742162, 'isBuyerMaker': True, 'isBestMatch': True}, {'id': 6378377, 'price': '1.58240000', 'qty': '9.64000000', 'quoteQty': '15.25433600', 'time': 1615128742162, 'isBuyerMaker': True, 'isBestMatch': True}, {'id': 6378378, 'price': '1.58240000', 'qty': '18.33000000', 'quoteQty': '29.00539200', 'time': 1615128742162, 'isBuyerMaker': True, 'isBestMatch': True}, {'id': 6378379, 'price': '1.58240000', 'qty': '373.56000000', 'quoteQty': '591.12134400', 'time': 1615128744287, 'isBuyerMaker': True, 'isBestMatch': True}, {'id': 6378380, 'price': '1.58210000', 'qty': '63.21000000', 'quoteQty': '100.00454100', 'time': 1615128745659, 'isBuyerMaker': True, 'isBestMatch': True}, {'id': 6378381, 'price': '1.58180000', 'qty': '34.75000000', 'quoteQty': '54.96755000', 'time': 1615128745659, 'isBuyerMaker': True, 'isBestMatch': True}, {'id': 6378382, 'price': '1.58160000', 'qty': '8.80000000', 'quoteQty': '13.91808000', 'time': 1615128745659, 'isBuyerMaker': True, 'isBestMatch': True}, {'id': 6378383, 'price': '1.58160000', 'qty': '93.24000000', 'quoteQty': '147.46838400', 'time': 1615128745659, 'isBuyerMaker': True, 'isBestMatch': True}, {'id': 6378384, 'price': '1.58280000', 'qty': '48.55000000', 'quoteQty': '76.84494000', 'time': 1615128748431, 'isBuyerMaker': False, 'isBestMatch': True}, {'id': 6378385, 'price': '1.58120000', 'qty': '9.70000000', 'quoteQty': '15.33764000', 'time': 1615128752594, 'isBuyerMaker': True, 'isBestMatch': True}, {'id': 6378386, 'price': '1.58120000', 'qty': '31.49000000', 'quoteQty': '49.79198800', 'time': 1615128755030, 'isBuyerMaker': True, 'isBestMatch': True}, {'id': 6378387, 'price': '1.58110000', 'qty': '54.57000000', 'quoteQty': '86.28062700', 'time': 1615128755030, 'isBuyerMaker': True, 'isBestMatch': True}, {'id': 6378388, 'price': '1.58280000', 'qty': '38.66000000', 'quoteQty': '61.19104800', 'time': 1615128755729, 'isBuyerMaker': False, 'isBestMatch': True}, {'id': 6378389, 'price': '1.58280000', 'qty': '11.25000000', 'quoteQty': '17.80650000', 'time': 1615128765061, 'isBuyerMaker': True, 'isBestMatch': True}, {'id': 6378390, 'price': '1.58280000', 'qty': '15.23000000', 'quoteQty': '24.10604400', 'time': 1615128766632, 'isBuyerMaker': True, 'isBestMatch': True}, {'id': 6378391, 'price': '1.58270000', 'qty': '329.55000000', 'quoteQty': '521.57878500', 'time': 1615128766632, 'isBuyerMaker': True, 'isBestMatch': True}, {'id': 6378392, 'price': '1.58280000', 'qty': '18.63000000', 'quoteQty': '29.48756400', 'time': 1615128772096, 'isBuyerMaker': True, 'isBestMatch': True}, {'id': 6378393, 'price': '1.58270000', 'qty': '1639.00000000', 'quoteQty': '2594.04530000', 'time': 1615128775770, 'isBuyerMaker': True, 'isBestMatch': True}, {'id': 6378394, 'price': '1.58270000', 'qty': '1753.00000000', 'quoteQty': '2774.47310000', 'time': 1615128775808, 'isBuyerMaker': True, 'isBestMatch': True}, {'id': 6378395, 'price': '1.58270000', 'qty': '1672.00000000', 'quoteQty': '2646.27440000', 'time': 1615128775845, 'isBuyerMaker': True, 'isBestMatch': True}, {'id': 6378396, 'price': '1.58310000', 'qty': '1301.38000000', 'quoteQty': '2060.21467800', 'time': 1615128777805, 'isBuyerMaker': False, 'isBestMatch': True}, {'id': 6378397, 'price': '1.58270000', 'qty': '1400.00000000', 'quoteQty': '2215.78000000', 'time': 1615128779306, 'isBuyerMaker': True, 'isBestMatch': True}, {'id': 6378398, 'price': '1.58270000', 'qty': '900.00000000', 'quoteQty': '1424.43000000', 'time': 1615128779306, 'isBuyerMaker': True, 'isBestMatch': True}, {'id': 6378399, 'price': '1.58270000', 'qty': '3682.51000000', 'quoteQty': '5828.30857700', 'time': 1615128779324, 'isBuyerMaker': True, 'isBestMatch': True}, {'id': 6378400, 'price': '1.58270000', 'qty': '190.58000000', 'quoteQty': '301.63096600', 'time': 1615128779391, 'isBuyerMaker': True, 'isBestMatch': True}, {'id': 6378401, 'price': '1.58270000', 'qty': '15.10000000', 'quoteQty': '23.89877000', 'time': 1615128779395, 'isBuyerMaker': True, 'isBestMatch': True}, {'id': 6378402, 'price': '1.58270000', 'qty': '1072.25000000', 'quoteQty': '1697.05007500', 'time': 1615128779405, 'isBuyerMaker': True, 'isBestMatch': True}, {'id': 6378403, 'price': '1.58270000', 'qty': '15.00000000', 'quoteQty': '23.74050000', 'time': 1615128782273, 'isBuyerMaker': True, 'isBestMatch': True}, {'id': 6378404, 'price': '1.58270000', 'qty': '107.07000000', 'quoteQty': '169.45968900', 'time': 1615128782275, 'isBuyerMaker': True, 'isBestMatch': True}, {'id': 6378405, 'price': '1.58270000', 'qty': '9.47000000', 'quoteQty': '14.98816900', 'time': 1615128782275, 'isBuyerMaker': True, 'isBestMatch': True}, {'id': 6378406, 'price': '1.58240000', 'qty': '27.79000000', 'quoteQty': '43.97489600', 'time': 1615128785699, 'isBuyerMaker': False, 'isBestMatch': True}, {'id': 6378407, 'price': '1.58190000', 'qty': '6620.09000000', 'quoteQty': '10472.32037100', 'time': 1615128793553, 'isBuyerMaker': False, 'isBestMatch': True}, {'id': 6378408, 'price': '1.58190000', 'qty': '2320.00000000', 'quoteQty': '3670.00800000', 'time': 1615128793560, 'isBuyerMaker': False, 'isBestMatch': True}, {'id': 6378409, 'price': '1.58190000', 'qty': '3144.00000000', 'quoteQty': '4973.49360000', 'time': 1615128793560, 'isBuyerMaker': False, 'isBestMatch': True}, {'id': 6378410, 'price': '1.58190000', 'qty': '10246.04000000', 'quoteQty': '16208.21067600', 'time': 1615128793563, 'isBuyerMaker': False, 'isBestMatch': True}, {'id': 6378411, 'price': '1.58190000', 'qty': '7612.59000000', 'quoteQty': '12042.35612100', 'time': 1615128793570, 'isBuyerMaker': False, 'isBestMatch': True}, {'id': 6378412, 'price': '1.58190000', 'qty': '722.80000000', 'quoteQty': '1143.39732000', 'time': 1615128793570, 'isBuyerMaker': False, 'isBestMatch': True}, {'id': 6378413, 'price': '1.58350000', 'qty': '43.95000000', 'quoteQty': '69.59482500', 'time': 1615128794263, 'isBuyerMaker': False, 'isBestMatch': True}, {'id': 6378414, 'price': '1.58400000', 'qty': '97.68000000', 'quoteQty': '154.72512000', 'time': 1615128794263, 'isBuyerMaker': False, 'isBestMatch': True}, {'id': 6378415, 'price': '1.58310000', 'qty': '58.82000000', 'quoteQty': '93.11794200', 'time': 1615128796132, 'isBuyerMaker': True, 'isBestMatch': True}, {'id': 6378416, 'price': '1.58310000', 'qty': '67.41000000', 'quoteQty': '106.71677100', 'time': 1615128796132, 'isBuyerMaker': True, 'isBestMatch': True}, {'id': 6378417, 'price': '1.58510000', 'qty': '23.54000000', 'quoteQty': '37.31325400', 'time': 1615128799315, 'isBuyerMaker': True, 'isBestMatch': True}, {'id': 6378418, 'price': '1.58510000', 'qty': '38.72000000', 'quoteQty': '61.37507200', 'time': 1615128801031, 'isBuyerMaker': False, 'isBestMatch': True}, {'id': 6378419, 'price': '1.58350000', 'qty': '15.77000000', 'quoteQty': '24.97179500', 'time': 1615128807636, 'isBuyerMaker': True, 'isBestMatch': True}, {'id': 6378420, 'price': '1.58350000', 'qty': '15.77000000', 'quoteQty': '24.97179500', 'time': 1615128807636, 'isBuyerMaker': True, 'isBestMatch': True}, {'id': 6378421, 'price': '1.58350000', 'qty': '1.52000000', 'quoteQty': '2.40692000', 'time': 1615128807636, 'isBuyerMaker': True, 'isBestMatch': True}, {'id': 6378422, 'price': '1.58360000', 'qty': '211.56000000', 'quoteQty': '335.02641600', 'time': 1615128813051, 'isBuyerMaker': True, 'isBestMatch': True}, {'id': 6378423, 'price': '1.58500000', 'qty': '13.00000000', 'quoteQty': '20.60500000', 'time': 1615128819271, 'isBuyerMaker': False, 'isBestMatch': True}, {'id': 6378424, 'price': '1.58350000', 'qty': '7.99000000', 'quoteQty': '12.65216500', 'time': 1615128824375, 'isBuyerMaker': True, 'isBestMatch': True}, {'id': 6378425, 'price': '1.58320000', 'qty': '163.62000000', 'quoteQty': '259.04318400', 'time': 1615128826804, 'isBuyerMaker': True, 'isBestMatch': True}, {'id': 6378426, 'price': '1.58330000', 'qty': '220.00000000', 'quoteQty': '348.32600000', 'time': 1615128834210, 'isBuyerMaker': True, 'isBestMatch': True}, {'id': 6378427, 'price': '1.58350000', 'qty': '8.99000000', 'quoteQty': '14.23566500', 'time': 1615128834508, 'isBuyerMaker': False, 'isBestMatch': True}, {'id': 6378428, 'price': '1.58350000', 'qty': '186.06000000', 'quoteQty': '294.62601000', 'time': 1615128834508, 'isBuyerMaker': False, 'isBestMatch': True}, {'id': 6378429, 'price': '1.58370000', 'qty': '280.00000000', 'quoteQty': '443.43600000', 'time': 1615128838069, 'isBuyerMaker': True, 'isBestMatch': True}, {'id': 6378430, 'price': '1.58370000', 'qty': '304.72000000', 'quoteQty': '482.58506400', 'time': 1615128838069, 'isBuyerMaker': True, 'isBestMatch': True}, {'id': 6378431, 'price': '1.58370000', 'qty': '13.00000000', 'quoteQty': '20.58810000', 'time': 1615128838962, 'isBuyerMaker': True, 'isBestMatch': True}, {'id': 6378432, 'price': '1.58330000', 'qty': '280.00000000', 'quoteQty': '443.32400000', 'time': 1615128842402, 'isBuyerMaker': True, 'isBestMatch': True}, {'id': 6378433, 'price': '1.58410000', 'qty': '11.14000000', 'quoteQty': '17.64687400', 'time': 1615128842955, 'isBuyerMaker': False, 'isBestMatch': True}, {'id': 6378434, 'price': '1.58220000', 'qty': '13.65000000', 'quoteQty': '21.59703000', 'time': 1615128846213, 'isBuyerMaker': True, 'isBestMatch': True}, {'id': 6378435, 'price': '1.58240000', 'qty': '40.46000000', 'quoteQty': '64.02390400', 'time': 1615128852074, 'isBuyerMaker': True, 'isBestMatch': True}, {'id': 6378436, 'price': '1.58240000', 'qty': '59.61000000', 'quoteQty': '94.32686400', 'time': 1615128853233, 'isBuyerMaker': True, 'isBestMatch': True}, {'id': 6378437, 'price': '1.58230000', 'qty': '10.69000000', 'quoteQty': '16.91478700', 'time': 1615128853233, 'isBuyerMaker': True, 'isBestMatch': True}, {'id': 6378438, 'price': '1.58350000', 'qty': '6.95000000', 'quoteQty': '11.00532500', 'time': 1615128854972, 'isBuyerMaker': False, 'isBestMatch': True}, {'id': 6378439, 'price': '1.58430000', 'qty': '134.55000000', 'quoteQty': '213.16756500', 'time': 1615128854972, 'isBuyerMaker': False, 'isBestMatch': True}, {'id': 6378440, 'price': '1.58220000', 'qty': '25.00000000', 'quoteQty': '39.55500000', 'time': 1615128857601, 'isBuyerMaker': True, 'isBestMatch': True}, {'id': 6378441, 'price': '1.58310000', 'qty': '2143.03000000', 'quoteQty': '3392.63079300', 'time': 1615128866559, 'isBuyerMaker': False, 'isBestMatch': True}, {'id': 6378442, 'price': '1.58310000', 'qty': '280.00000000', 'quoteQty': '443.26800000', 'time': 1615128870078, 'isBuyerMaker': False, 'isBestMatch': True}, {'id': 6378443, 'price': '1.58320000', 'qty': '472.87000000', 'quoteQty': '748.64778400', 'time': 1615128870078, 'isBuyerMaker': False, 'isBestMatch': True}, {'id': 6378444, 'price': '1.58280000', 'qty': '189.50000000', 'quoteQty': '299.94060000', 'time': 1615128871420, 'isBuyerMaker': False, 'isBestMatch': True}, {'id': 6378445, 'price': '1.58280000', 'qty': '25.27000000', 'quoteQty': '39.99735600', 'time': 1615128871724, 'isBuyerMaker': False, 'isBestMatch': True}, {'id': 6378446, 'price': '1.58220000', 'qty': '20.91000000', 'quoteQty': '33.08380200', 'time': 1615128873245, 'isBuyerMaker': True, 'isBestMatch': True}, {'id': 6378447, 'price': '1.58220000', 'qty': '66.10000000', 'quoteQty': '104.58342000', 'time': 1615128874531, 'isBuyerMaker': True, 'isBestMatch': True}, {'id': 6378448, 'price': '1.58220000', 'qty': '8.81000000', 'quoteQty': '13.93918200', 'time': 1615128874531, 'isBuyerMaker': True, 'isBestMatch': True}, {'id': 6378449, 'price': '1.58180000', 'qty': '10.00000000', 'quoteQty': '15.81800000', 'time': 1615128874531, 'isBuyerMaker': True, 'isBestMatch': True}, {'id': 6378450, 'price': '1.58120000', 'qty': '245.83000000', 'quoteQty': '388.70639600', 'time': 1615128874531, 'isBuyerMaker': True, 'isBestMatch': True}, {'id': 6378451, 'price': '1.58110000', 'qty': '123.44000000', 'quoteQty': '195.17098400', 'time': 1615128874531, 'isBuyerMaker': True, 'isBestMatch': True}, {'id': 6378452, 'price': '1.58120000', 'qty': '656.18000000', 'quoteQty': '1037.55181600', 'time': 1615128880008, 'isBuyerMaker': True, 'isBestMatch': True}, {'id': 6378453, 'price': '1.58110000', 'qty': '95.93000000', 'quoteQty': '151.67492300', 'time': 1615128880008, 'isBuyerMaker': True, 'isBestMatch': True}, {'id': 6378454, 'price': '1.58120000', 'qty': '656.55000000', 'quoteQty': '1038.13686000', 'time': 1615128880372, 'isBuyerMaker': True, 'isBestMatch': True}, {'id': 6378455, 'price': '1.58110000', 'qty': '1.91000000', 'quoteQty': '3.01990100', 'time': 1615128880568, 'isBuyerMaker': True, 'isBestMatch': True}, {'id': 6378456, 'price': '1.58110000', 'qty': '949.34000000', 'quoteQty': '1501.00147400', 'time': 1615128880568, 'isBuyerMaker': True, 'isBestMatch': True}, {'id': 6378457, 'price': '1.58080000', 'qty': '167.18000000', 'quoteQty': '264.27814400', 'time': 1615128880568, 'isBuyerMaker': True, 'isBestMatch': True}, {'id': 6378458, 'price': '1.58060000', 'qty': '11.57000000', 'quoteQty': '18.28754200', 'time': 1615128880568, 'isBuyerMaker': True, 'isBestMatch': True}, {'id': 6378459, 'price': '1.58060000', 'qty': '0.19000000', 'quoteQty': '0.30031400', 'time': 1615128880568, 'isBuyerMaker': True, 'isBestMatch': True}, {'id': 6378460, 'price': '1.58020000', 'qty': '38.17000000', 'quoteQty': '60.31623400', 'time': 1615128880568, 'isBuyerMaker': True, 'isBestMatch': True}, {'id': 6378461, 'price': '1.58000000', 'qty': '16.51000000', 'quoteQty': '26.08580000', 'time': 1615128880568, 'isBuyerMaker': True, 'isBestMatch': True}, {'id': 6378462, 'price': '1.58000000', 'qty': '16.25000000', 'quoteQty': '25.67500000', 'time': 1615128880568, 'isBuyerMaker': True, 'isBestMatch': True}, {'id': 6378463, 'price': '1.58000000', 'qty': '300.00000000', 'quoteQty': '474.00000000', 'time': 1615128880585, 'isBuyerMaker': False, 'isBestMatch': True}, {'id': 6378464, 'price': '1.58000000', 'qty': '178.07000000', 'quoteQty': '281.35060000', 'time': 1615128880592, 'isBuyerMaker': False, 'isBestMatch': True}, {'id': 6378465, 'price': '1.58000000', 'qty': '536.52000000', 'quoteQty': '847.70160000', 'time': 1615128880592, 'isBuyerMaker': False, 'isBestMatch': True}, {'id': 6378466, 'price': '1.58000000', 'qty': '56.16000000', 'quoteQty': '88.73280000', 'time': 1615128880592, 'isBuyerMaker': False, 'isBestMatch': True}, {'id': 6378467, 'price': '1.57980000', 'qty': '6.75000000', 'quoteQty': '10.66365000', 'time': 1615128880602, 'isBuyerMaker': True, 'isBestMatch': True}, {'id': 6378468, 'price': '1.57990000', 'qty': '63.29000000', 'quoteQty': '99.99187100', 'time': 1615128880606, 'isBuyerMaker': True, 'isBestMatch': True}, {'id': 6378469, 'price': '1.57990000', 'qty': '63.29000000', 'quoteQty': '99.99187100', 'time': 1615128880608, 'isBuyerMaker': True, 'isBestMatch': True}, {'id': 6378470, 'price': '1.58000000', 'qty': '14.52000000', 'quoteQty': '22.94160000', 'time': 1615128882478, 'isBuyerMaker': False, 'isBestMatch': True}, {'id': 6378471, 'price': '1.58110000', 'qty': '17.29000000', 'quoteQty': '27.33721900', 'time': 1615128882478, 'isBuyerMaker': False, 'isBestMatch': True}, {'id': 6378472, 'price': '1.58100000', 'qty': '70.19000000', 'quoteQty': '110.97039000', 'time': 1615128883243, 'isBuyerMaker': False, 'isBestMatch': True}, {'id': 6378473, 'price': '1.58080000', 'qty': '31.63000000', 'quoteQty': '50.00070400', 'time': 1615128886674, 'isBuyerMaker': False, 'isBestMatch': True}, {'id': 6378474, 'price': '1.57960000', 'qty': '6.64000000', 'quoteQty': '10.48854400', 'time': 1615128892865, 'isBuyerMaker': True, 'isBestMatch': True}, {'id': 6378475, 'price': '1.57960000', 'qty': '142.85000000', 'quoteQty': '225.64586000', 'time': 1615128893246, 'isBuyerMaker': True, 'isBestMatch': True}, {'id': 6378476, 'price': '1.57960000', 'qty': '24.06000000', 'quoteQty': '38.00517600', 'time': 1615128894511, 'isBuyerMaker': True, 'isBestMatch': True}, {'id': 6378477, 'price': '1.58110000', 'qty': '57.27000000', 'quoteQty': '90.54959700', 'time': 1615128894893, 'isBuyerMaker': False, 'isBestMatch': True}, {'id': 6378478, 'price': '1.58110000', 'qty': '741.41000000', 'quoteQty': '1172.24335100', 'time': 1615128894893, 'isBuyerMaker': False, 'isBestMatch': True}, {'id': 6378479, 'price': '1.58200000', 'qty': '400.00000000', 'quoteQty': '632.80000000', 'time': 1615128894895, 'isBuyerMaker': False, 'isBestMatch': True}, {'id': 6378480, 'price': '1.58220000', 'qty': '217.65000000', 'quoteQty': '344.36583000', 'time': 1615128894895, 'isBuyerMaker': False, 'isBestMatch': True}, {'id': 6378481, 'price': '1.58280000', 'qty': '18.62000000', 'quoteQty': '29.47173600', 'time': 1615128895189, 'isBuyerMaker': False, 'isBestMatch': True}, {'id': 6378482, 'price': '1.58110000', 'qty': '68.53000000', 'quoteQty': '108.35278300', 'time': 1615128895970, 'isBuyerMaker': True, 'isBestMatch': True}, {'id': 6378483, 'price': '1.58110000', 'qty': '22.91000000', 'quoteQty': '36.22300100', 'time': 1615128896417, 'isBuyerMaker': True, 'isBestMatch': True}, {'id': 6378484, 'price': '1.58110000', 'qty': '275.74000000', 'quoteQty': '435.97251400', 'time': 1615128896629, 'isBuyerMaker': True, 'isBestMatch': True}, {'id': 6378485, 'price': '1.58010000', 'qty': '15.80000000', 'quoteQty': '24.96558000', 'time': 1615128896629, 'isBuyerMaker': True, 'isBestMatch': True}, {'id': 6378486, 'price': '1.58010000', 'qty': '15.80000000', 'quoteQty': '24.96558000', 'time': 1615128896629, 'isBuyerMaker': True, 'isBestMatch': True}, {'id': 6378487, 'price': '1.58010000', 'qty': '15.80000000', 'quoteQty': '24.96558000', 'time': 1615128896629, 'isBuyerMaker': True, 'isBestMatch': True}, {'id': 6378488, 'price': '1.58010000', 'qty': '15.80000000', 'quoteQty': '24.96558000', 'time': 1615128896629, 'isBuyerMaker': True, 'isBestMatch': True}, {'id': 6378489, 'price': '1.58010000', 'qty': '15.80000000', 'quoteQty': '24.96558000', 'time': 1615128896629, 'isBuyerMaker': True, 'isBestMatch': True}, {'id': 6378490, 'price': '1.58010000', 'qty': '15.80000000', 'quoteQty': '24.96558000', 'time': 1615128896629, 'isBuyerMaker': True, 'isBestMatch': True}, {'id': 6378491, 'price': '1.58010000', 'qty': '15.80000000', 'quoteQty': '24.96558000', 'time': 1615128896629, 'isBuyerMaker': True, 'isBestMatch': True}, {'id': 6378492, 'price': '1.58010000', 'qty': '15.80000000', 'quoteQty': '24.96558000', 'time': 1615128896629, 'isBuyerMaker': True, 'isBestMatch': True}, {'id': 6378493, 'price': '1.58010000', 'qty': '12.66000000', 'quoteQty': '20.00406600', 'time': 1615128896629, 'isBuyerMaker': True, 'isBestMatch': True}, {'id': 6378494, 'price': '1.58000000', 'qty': '161.30000000', 'quoteQty': '254.85400000', 'time': 1615128896629, 'isBuyerMaker': True, 'isBestMatch': True}, {'id': 6378495, 'price': '1.58010000', 'qty': '26.35000000', 'quoteQty': '41.63563500', 'time': 1615128897674, 'isBuyerMaker': True, 'isBestMatch': True}, {'id': 6378496, 'price': '1.58280000', 'qty': '15.80000000', 'quoteQty': '25.00824000', 'time': 1615128898367, 'isBuyerMaker': False, 'isBestMatch': True}, {'id': 6378497, 'price': '1.58280000', 'qty': '15.80000000', 'quoteQty': '25.00824000', 'time': 1615128898367, 'isBuyerMaker': False, 'isBestMatch': True}, {'id': 6378498, 'price': '1.58280000', 'qty': '15.80000000', 'quoteQty': '25.00824000', 'time': 1615128898367, 'isBuyerMaker': False, 'isBestMatch': True}, {'id': 6378499, 'price': '1.58280000', 'qty': '15.80000000', 'quoteQty': '25.00824000', 'time': 1615128898367, 'isBuyerMaker': False, 'isBestMatch': True}, {'id': 6378500, 'price': '1.58280000', 'qty': '15.80000000', 'quoteQty': '25.00824000', 'time': 1615128898367, 'isBuyerMaker': False, 'isBestMatch': True}, {'id': 6378501, 'price': '1.58280000', 'qty': '15.80000000', 'quoteQty': '25.00824000', 'time': 1615128898367, 'isBuyerMaker': False, 'isBestMatch': True}, {'id': 6378502, 'price': '1.58280000', 'qty': '15.80000000', 'quoteQty': '25.00824000', 'time': 1615128898367, 'isBuyerMaker': False, 'isBestMatch': True}, {'id': 6378503, 'price': '1.58280000', 'qty': '15.80000000', 'quoteQty': '25.00824000', 'time': 1615128898367, 'isBuyerMaker': False, 'isBestMatch': True}, {'id': 6378504, 'price': '1.58280000', 'qty': '12.69000000', 'quoteQty': '20.08573200', 'time': 1615128898367, 'isBuyerMaker': False, 'isBestMatch': True}, {'id': 6378505, 'price': '1.58290000', 'qty': '779.61000000', 'quoteQty': '1234.04466900', 'time': 1615128898367, 'isBuyerMaker': False, 'isBestMatch': True}, {'id': 6378506, 'price': '1.58300000', 'qty': '388.12000000', 'quoteQty': '614.39396000', 'time': 1615128898367, 'isBuyerMaker': False, 'isBestMatch': True}, {'id': 6378507, 'price': '1.58160000', 'qty': '83.38000000', 'quoteQty': '131.87380800', 'time': 1615128901397, 'isBuyerMaker': True, 'isBestMatch': True}, {'id': 6378508, 'price': '1.58350000', 'qty': '280.00000000', 'quoteQty': '443.38000000', 'time': 1615128906274, 'isBuyerMaker': False, 'isBestMatch': True}, {'id': 6378509, 'price': '1.58360000', 'qty': '770.31000000', 'quoteQty': '1219.86291600', 'time': 1615128906274, 'isBuyerMaker': False, 'isBestMatch': True}, {'id': 6378510, 'price': '1.58370000', 'qty': '963.00000000', 'quoteQty': '1525.10310000', 'time': 1615128906274, 'isBuyerMaker': False, 'isBestMatch': True}, {'id': 6378511, 'price': '1.58430000', 'qty': '12.87000000', 'quoteQty': '20.38994100', 'time': 1615128906274, 'isBuyerMaker': False, 'isBestMatch': True}, {'id': 6378512, 'price': '1.58500000', 'qty': '0.72000000', 'quoteQty': '1.14120000', 'time': 1615128906274, 'isBuyerMaker': False, 'isBestMatch': True}, {'id': 6378513, 'price': '1.58510000', 'qty': '162.74000000', 'quoteQty': '257.95917400', 'time': 1615128906274, 'isBuyerMaker': False, 'isBestMatch': True}, {'id': 6378514, 'price': '1.58520000', 'qty': '238.46000000', 'quoteQty': '378.00679200', 'time': 1615128906274, 'isBuyerMaker': False, 'isBestMatch': True}, {'id': 6378515, 'price': '1.58520000', 'qty': '136.54000000', 'quoteQty': '216.44320800', 'time': 1615128906275, 'isBuyerMaker': False, 'isBestMatch': True}, {'id': 6378516, 'price': '1.58500000', 'qty': '280.00000000', 'quoteQty': '443.80000000', 'time': 1615128906286, 'isBuyerMaker': False, 'isBestMatch': True}, {'id': 6378517, 'price': '1.58570000', 'qty': '203.90000000', 'quoteQty': '323.32423000', 'time': 1615128906294, 'isBuyerMaker': False, 'isBestMatch': True}, {'id': 6378518, 'price': '1.58560000', 'qty': '15.78000000', 'quoteQty': '25.02076800', 'time': 1615128906317, 'isBuyerMaker': False, 'isBestMatch': True}, {'id': 6378519, 'price': '1.58560000', 'qty': '15.78000000', 'quoteQty': '25.02076800', 'time': 1615128906317, 'isBuyerMaker': False, 'isBestMatch': True}, {'id': 6378520, 'price': '1.58560000', 'qty': '15.78000000', 'quoteQty': '25.02076800', 'time': 1615128906317, 'isBuyerMaker': False, 'isBestMatch': True}, {'id': 6378521, 'price': '1.58560000', 'qty': '15.78000000', 'quoteQty': '25.02076800', 'time': 1615128906317, 'isBuyerMaker': False, 'isBestMatch': True}, {'id': 6378522, 'price': '1.58560000', 'qty': '15.78000000', 'quoteQty': '25.02076800', 'time': 1615128906317, 'isBuyerMaker': False, 'isBestMatch': True}, {'id': 6378523, 'price': '1.58560000', 'qty': '15.78000000', 'quoteQty': '25.02076800', 'time': 1615128906317, 'isBuyerMaker': False, 'isBestMatch': True}, {'id': 6378524, 'price': '1.58560000', 'qty': '15.78000000', 'quoteQty': '25.02076800', 'time': 1615128906317, 'isBuyerMaker': False, 'isBestMatch': True}, {'id': 6378525, 'price': '1.58560000', 'qty': '15.78000000', 'quoteQty': '25.02076800', 'time': 1615128906317, 'isBuyerMaker': False, 'isBestMatch': True}, {'id': 6378526, 'price': '1.58560000', 'qty': '12.64000000', 'quoteQty': '20.04198400', 'time': 1615128906317, 'isBuyerMaker': False, 'isBestMatch': True}, {'id': 6378527, 'price': '1.58570000', 'qty': '1121.85000000', 'quoteQty': '1778.91754500', 'time': 1615128906317, 'isBuyerMaker': False, 'isBestMatch': True}, {'id': 6378528, 'price': '1.58590000', 'qty': '12.61000000', 'quoteQty': '19.99819900', 'time': 1615128906317, 'isBuyerMaker': False, 'isBestMatch': True}, {'id': 6378529, 'price': '1.58590000', 'qty': '388.35000000', 'quoteQty': '615.88426500', 'time': 1615128906317, 'isBuyerMaker': False, 'isBestMatch': True}, {'id': 6378530, 'price': '1.58600000', 'qty': '349.75000000', 'quoteQty': '554.70350000', 'time': 1615128906317, 'isBuyerMaker': False, 'isBestMatch': True}, {'id': 6378531, 'price': '1.58260000', 'qty': '15.78000000', 'quoteQty': '24.97342800', 'time': 1615128906322, 'isBuyerMaker': True, 'isBestMatch': True}, {'id': 6378532, 'price': '1.58260000', 'qty': '15.78000000', 'quoteQty': '24.97342800', 'time': 1615128906322, 'isBuyerMaker': True, 'isBestMatch': True}, {'id': 6378533, 'price': '1.58260000', 'qty': '15.78000000', 'quoteQty': '24.97342800', 'time': 1615128906322, 'isBuyerMaker': True, 'isBestMatch': True}, {'id': 6378534, 'price': '1.58260000', 'qty': '15.78000000', 'quoteQty': '24.97342800', 'time': 1615128906322, 'isBuyerMaker': True, 'isBestMatch': True}, {'id': 6378535, 'price': '1.58260000', 'qty': '15.78000000', 'quoteQty': '24.97342800', 'time': 1615128906322, 'isBuyerMaker': True, 'isBestMatch': True}, {'id': 6378536, 'price': '1.58260000', 'qty': '15.78000000', 'quoteQty': '24.97342800', 'time': 1615128906322, 'isBuyerMaker': True, 'isBestMatch': True}, {'id': 6378537, 'price': '1.58260000', 'qty': '15.78000000', 'quoteQty': '24.97342800', 'time': 1615128906322, 'isBuyerMaker': True, 'isBestMatch': True}, {'id': 6378538, 'price': '1.58260000', 'qty': '15.78000000', 'quoteQty': '24.97342800', 'time': 1615128906322, 'isBuyerMaker': True, 'isBestMatch': True}, {'id': 6378539, 'price': '1.58260000', 'qty': '12.64000000', 'quoteQty': '20.00406400', 'time': 1615128906322, 'isBuyerMaker': True, 'isBestMatch': True}, {'id': 6378540, 'price': '1.58230000', 'qty': '231.12000000', 'quoteQty': '365.70117600', 'time': 1615128906322, 'isBuyerMaker': True, 'isBestMatch': True}, {'id': 6378541, 'price': '1.58310000', 'qty': '15.77000000', 'quoteQty': '24.96548700', 'time': 1615128907655, 'isBuyerMaker': True, 'isBestMatch': True}, {'id': 6378542, 'price': '1.58310000', 'qty': '9.18000000', 'quoteQty': '14.53285800', 'time': 1615128907655, 'isBuyerMaker': True, 'isBestMatch': True}, {'id': 6378543, 'price': '1.58310000', 'qty': '6.59000000', 'quoteQty': '10.43262900', 'time': 1615128909091, 'isBuyerMaker': True, 'isBestMatch': True}, {'id': 6378544, 'price': '1.58310000', 'qty': '15.77000000', 'quoteQty': '24.96548700', 'time': 1615128909091, 'isBuyerMaker': True, 'isBestMatch': True}, {'id': 6378545, 'price': '1.58310000', 'qty': '15.77000000', 'quoteQty': '24.96548700', 'time': 1615128909091, 'isBuyerMaker': True, 'isBestMatch': True}, {'id': 6378546, 'price': '1.58310000', 'qty': '15.77000000', 'quoteQty': '24.96548700', 'time': 1615128909091, 'isBuyerMaker': True, 'isBestMatch': True}, {'id': 6378547, 'price': '1.58310000', 'qty': '15.77000000', 'quoteQty': '24.96548700', 'time': 1615128909091, 'isBuyerMaker': True, 'isBestMatch': True}, {'id': 6378548, 'price': '1.58310000', 'qty': '15.77000000', 'quoteQty': '24.96548700', 'time': 1615128909091, 'isBuyerMaker': True, 'isBestMatch': True}, {'id': 6378549, 'price': '1.58310000', 'qty': '15.77000000', 'quoteQty': '24.96548700', 'time': 1615128909091, 'isBuyerMaker': True, 'isBestMatch': True}, {'id': 6378550, 'price': '1.58310000', 'qty': '12.69000000', 'quoteQty': '20.08953900', 'time': 1615128909091, 'isBuyerMaker': True, 'isBestMatch': True}, {'id': 6378551, 'price': '1.58300000', 'qty': '385.18000000', 'quoteQty': '609.73994000', 'time': 1615128909091, 'isBuyerMaker': True, 'isBestMatch': True}, {'id': 6378552, 'price': '1.58300000', 'qty': '49.75000000', 'quoteQty': '78.75425000', 'time': 1615128910400, 'isBuyerMaker': True, 'isBestMatch': True}, {'id': 6378553, 'price': '1.58300000', 'qty': '188.10000000', 'quoteQty': '297.76230000', 'time': 1615128913009, 'isBuyerMaker': True, 'isBestMatch': True}, {'id': 6378554, 'price': '1.58490000', 'qty': '141.73000000', 'quoteQty': '224.62787700', 'time': 1615128913791, 'isBuyerMaker': False, 'isBestMatch': True}, {'id': 6378555, 'price': '1.58200000', 'qty': '89.63000000', 'quoteQty': '141.79466000', 'time': 1615128914436, 'isBuyerMaker': True, 'isBestMatch': True}, {'id': 6378556, 'price': '1.58370000', 'qty': '219.83000000', 'quoteQty': '348.14477100', 'time': 1615128915343, 'isBuyerMaker': False, 'isBestMatch': True}, {'id': 6378557, 'price': '1.58300000', 'qty': '6.80000000', 'quoteQty': '10.76440000', 'time': 1615128932293, 'isBuyerMaker': True, 'isBestMatch': True}, {'id': 6378558, 'price': '1.58290000', 'qty': '400.00000000', 'quoteQty': '633.16000000', 'time': 1615128932329, 'isBuyerMaker': True, 'isBestMatch': True}, {'id': 6378559, 'price': '1.58290000', 'qty': '375.00000000', 'quoteQty': '593.58750000', 'time': 1615128932329, 'isBuyerMaker': True, 'isBestMatch': True}, {'id': 6378560, 'price': '1.58300000', 'qty': '124.00000000', 'quoteQty': '196.29200000', 'time': 1615128932732, 'isBuyerMaker': True, 'isBestMatch': True}, {'id': 6378561, 'price': '1.58300000', 'qty': '0.80000000', 'quoteQty': '1.26640000', 'time': 1615128932867, 'isBuyerMaker': True, 'isBestMatch': True}, {'id': 6378562, 'price': '1.58210000', 'qty': '648.37000000', 'quoteQty': '1025.78617700', 'time': 1615128932867, 'isBuyerMaker': True, 'isBestMatch': True}, {'id': 6378563, 'price': '1.58200000', 'qty': '200.89000000', 'quoteQty': '317.80798000', 'time': 1615128932867, 'isBuyerMaker': True, 'isBestMatch': True}, {'id': 6378564, 'price': '1.58210000', 'qty': '463.07000000', 'quoteQty': '732.62304700', 'time': 1615128934068, 'isBuyerMaker': True, 'isBestMatch': True}, {'id': 6378565, 'price': '1.58210000', 'qty': '185.79000000', 'quoteQty': '293.93835900', 'time': 1615128934068, 'isBuyerMaker': True, 'isBestMatch': True}, {'id': 6378566, 'price': '1.58290000', 'qty': '66.21000000', 'quoteQty': '104.80380900', 'time': 1615128940698, 'isBuyerMaker': False, 'isBestMatch': True}, {'id': 6378567, 'price': '1.58290000', 'qty': '57.60000000', 'quoteQty': '91.17504000', 'time': 1615128941750, 'isBuyerMaker': False, 'isBestMatch': True}, {'id': 6378568, 'price': '1.58290000', 'qty': '67.65000000', 'quoteQty': '107.08318500', 'time': 1615128942592, 'isBuyerMaker': False, 'isBestMatch': True}, {'id': 6378569, 'price': '1.58210000', 'qty': '126.41000000', 'quoteQty': '199.99326100', 'time': 1615128943195, 'isBuyerMaker': True, 'isBestMatch': True}, {'id': 6378570, 'price': '1.58210000', 'qty': '280.00000000', 'quoteQty': '442.98800000', 'time': 1615128943195, 'isBuyerMaker': True, 'isBestMatch': True}, {'id': 6378571, 'price': '1.58200000', 'qty': '595.13000000', 'quoteQty': '941.49566000', 'time': 1615128943195, 'isBuyerMaker': True, 'isBestMatch': True}, {'id': 6378572, 'price': '1.58150000', 'qty': '400.00000000', 'quoteQty': '632.60000000', 'time': 1615128943195, 'isBuyerMaker': True, 'isBestMatch': True}, {'id': 6378573, 'price': '1.58110000', 'qty': '631.47000000', 'quoteQty': '998.41721700', 'time': 1615128943195, 'isBuyerMaker': True, 'isBestMatch': True}, {'id': 6378574, 'price': '1.58110000', 'qty': '48.50000000', 'quoteQty': '76.68335000', 'time': 1615128943195, 'isBuyerMaker': True, 'isBestMatch': True}, {'id': 6378575, 'price': '1.58090000', 'qty': '427.58000000', 'quoteQty': '675.96122200', 'time': 1615128943195, 'isBuyerMaker': True, 'isBestMatch': True}, {'id': 6378576, 'price': '1.58080000', 'qty': '735.00000000', 'quoteQty': '1161.88800000', 'time': 1615128943195, 'isBuyerMaker': True, 'isBestMatch': True}, {'id': 6378577, 'price': '1.58070000', 'qty': '3500.00000000', 'quoteQty': '5532.45000000', 'time': 1615128943195, 'isBuyerMaker': True, 'isBestMatch': True}, {'id': 6378578, 'price': '1.58030000', 'qty': '300.00000000', 'quoteQty': '474.09000000', 'time': 1615128943195, 'isBuyerMaker': True, 'isBestMatch': True}, {'id': 6378579, 'price': '1.58000000', 'qty': '470.59000000', 'quoteQty': '743.53220000', 'time': 1615128943195, 'isBuyerMaker': True, 'isBestMatch': True}, {'id': 6378580, 'price': '1.58000000', 'qty': '25.88000000', 'quoteQty': '40.89040000', 'time': 1615128943195, 'isBuyerMaker': True, 'isBestMatch': True}, {'id': 6378581, 'price': '1.58000000', 'qty': '122.22000000', 'quoteQty': '193.10760000', 'time': 1615128943195, 'isBuyerMaker': True, 'isBestMatch': True}, {'id': 6378582, 'price': '1.58000000', 'qty': '337.22000000', 'quoteQty': '532.80760000', 'time': 1615128943206, 'isBuyerMaker': False, 'isBestMatch': True}, {'id': 6378583, 'price': '1.58130000', 'qty': '280.00000000', 'quoteQty': '442.76400000', 'time': 1615128943264, 'isBuyerMaker': True, 'isBestMatch': True}, {'id': 6378584, 'price': '1.58280000', 'qty': '15.80000000', 'quoteQty': '25.00824000', 'time': 1615128943945, 'isBuyerMaker': False, 'isBestMatch': True}, {'id': 6378585, 'price': '1.58280000', 'qty': '15.80000000', 'quoteQty': '25.00824000', 'time': 1615128943945, 'isBuyerMaker': False, 'isBestMatch': True}, {'id': 6378586, 'price': '1.58280000', 'qty': '15.80000000', 'quoteQty': '25.00824000', 'time': 1615128943945, 'isBuyerMaker': False, 'isBestMatch': True}, {'id': 6378587, 'price': '1.58280000', 'qty': '15.80000000', 'quoteQty': '25.00824000', 'time': 1615128943945, 'isBuyerMaker': False, 'isBestMatch': True}, {'id': 6378588, 'price': '1.58280000', 'qty': '15.80000000', 'quoteQty': '25.00824000', 'time': 1615128943945, 'isBuyerMaker': False, 'isBestMatch': True}, {'id': 6378589, 'price': '1.58280000', 'qty': '15.80000000', 'quoteQty': '25.00824000', 'time': 1615128943945, 'isBuyerMaker': False, 'isBestMatch': True}, {'id': 6378590, 'price': '1.58280000', 'qty': '15.80000000', 'quoteQty': '25.00824000', 'time': 1615128943945, 'isBuyerMaker': False, 'isBestMatch': True}, {'id': 6378591, 'price': '1.58280000', 'qty': '15.80000000', 'quoteQty': '25.00824000', 'time': 1615128943945, 'isBuyerMaker': False, 'isBestMatch': True}, {'id': 6378592, 'price': '1.58280000', 'qty': '12.69000000', 'quoteQty': '20.08573200', 'time': 1615128943945, 'isBuyerMaker': False, 'isBestMatch': True}, {'id': 6378593, 'price': '1.58290000', 'qty': '180.91000000', 'quoteQty': '286.36243900', 'time': 1615128943945, 'isBuyerMaker': False, 'isBestMatch': True}, {'id': 6378594, 'price': '1.58290000', 'qty': '34.50000000', 'quoteQty': '54.61005000', 'time': 1615128945346, 'isBuyerMaker': False, 'isBestMatch': True}, {'id': 6378595, 'price': '1.58290000', 'qty': '126.35000000', 'quoteQty': '199.99941500', 'time': 1615128946221, 'isBuyerMaker': False, 'isBestMatch': True}, {'id': 6378596, 'price': '1.58220000', 'qty': '280.00000000', 'quoteQty': '443.01600000', 'time': 1615128948112, 'isBuyerMaker': True, 'isBestMatch': True}, {'id': 6378597, 'price': '1.58200000', 'qty': '1205.34000000', 'quoteQty': '1906.84788000', 'time': 1615128948112, 'isBuyerMaker': True, 'isBestMatch': True}, {'id': 6378598, 'price': '1.58050000', 'qty': '735.00000000', 'quoteQty': '1161.66750000', 'time': 1615128948112, 'isBuyerMaker': True, 'isBestMatch': True}, {'id': 6378599, 'price': '1.58050000', 'qty': '565.06000000', 'quoteQty': '893.07733000', 'time': 1615128948112, 'isBuyerMaker': True, 'isBestMatch': True}, {'id': 6378600, 'price': '1.58040000', 'qty': '3500.00000000', 'quoteQty': '5531.40000000', 'time': 1615128948112, 'isBuyerMaker': True, 'isBestMatch': True}, {'id': 6378601, 'price': '1.58010000', 'qty': '924.04000000', 'quoteQty': '1460.07560400', 'time': 1615128948112, 'isBuyerMaker': True, 'isBestMatch': True}, {'id': 6378602, 'price': '1.58000000', 'qty': '631.89000000', 'quoteQty': '998.38620000', 'time': 1615128948112, 'isBuyerMaker': True, 'isBestMatch': True}, {'id': 6378603, 'price': '1.58000000', 'qty': '158.66000000', 'quoteQty': '250.68280000', 'time': 1615128948118, 'isBuyerMaker': False, 'isBestMatch': True}, {'id': 6378604, 'price': '1.58000000', 'qty': '0.01000000', 'quoteQty': '0.01580000', 'time': 1615128948119, 'isBuyerMaker': False, 'isBestMatch': True}, {'id': 6378605, 'price': '1.58290000', 'qty': '63.18000000', 'quoteQty': '100.00762200', 'time': 1615128949567, 'isBuyerMaker': False, 'isBestMatch': True}, {'id': 6378606, 'price': '1.58290000', 'qty': '26.81000000', 'quoteQty': '42.43754900', 'time': 1615128950525, 'isBuyerMaker': False, 'isBestMatch': True}, {'id': 6378607, 'price': '1.58290000', 'qty': '305.71000000', 'quoteQty': '483.90835900', 'time': 1615128951973, 'isBuyerMaker': False, 'isBestMatch': True}, {'id': 6378608, 'price': '1.58300000', 'qty': '1059.16000000', 'quoteQty': '1676.65028000', 'time': 1615128951973, 'isBuyerMaker': False, 'isBestMatch': True}, {'id': 6378609, 'price': '1.58390000', 'qty': '429.10000000', 'quoteQty': '679.65149000', 'time': 1615128952004, 'isBuyerMaker': False, 'isBestMatch': True}, {'id': 6378610, 'price': '1.58390000', 'qty': '323.77000000', 'quoteQty': '512.81930300', 'time': 1615128952023, 'isBuyerMaker': False, 'isBestMatch': True}, {'id': 6378611, 'price': '1.58400000', 'qty': '166.63000000', 'quoteQty': '263.94192000', 'time': 1615128952023, 'isBuyerMaker': False, 'isBestMatch': True}, {'id': 6378612, 'price': '1.58380000', 'qty': '762.86000000', 'quoteQty': '1208.21766800', 'time': 1615128952058, 'isBuyerMaker': False, 'isBestMatch': True}, {'id': 6378613, 'price': '1.58400000', 'qty': '305.77000000', 'quoteQty': '484.33968000', 'time': 1615128952058, 'isBuyerMaker': False, 'isBestMatch': True}, {'id': 6378614, 'price': '1.58400000', 'qty': '18.00000000', 'quoteQty': '28.51200000', 'time': 1615128952058, 'isBuyerMaker': False, 'isBestMatch': True}, {'id': 6378615, 'price': '1.58450000', 'qty': '280.00000000', 'quoteQty': '443.66000000', 'time': 1615128952114, 'isBuyerMaker': False, 'isBestMatch': True}, {'id': 6378616, 'price': '1.58450000', 'qty': '280.00000000', 'quoteQty': '443.66000000', 'time': 1615128952137, 'isBuyerMaker': False, 'isBestMatch': True}, {'id': 6378617, 'price': '1.58460000', 'qty': '412.93000000', 'quoteQty': '654.32887800', 'time': 1615128952143, 'isBuyerMaker': False, 'isBestMatch': True}, {'id': 6378618, 'price': '1.58460000', 'qty': '336.44000000', 'quoteQty': '533.12282400', 'time': 1615128952166, 'isBuyerMaker': False, 'isBestMatch': True}, {'id': 6378619, 'price': '1.58500000', 'qty': '368.09000000', 'quoteQty': '583.42265000', 'time': 1615128952180, 'isBuyerMaker': False, 'isBestMatch': True}, {'id': 6378620, 'price': '1.58490000', 'qty': '197.69000000', 'quoteQty': '313.31888100', 'time': 1615128952187, 'isBuyerMaker': False, 'isBestMatch': True}, {'id': 6378621, 'price': '1.58490000', 'qty': '556.75000000', 'quoteQty': '882.39307500', 'time': 1615128952189, 'isBuyerMaker': False, 'isBestMatch': True}, {'id': 6378622, 'price': '1.58500000', 'qty': '71.47000000', 'quoteQty': '113.27995000', 'time': 1615128952189, 'isBuyerMaker': False, 'isBestMatch': True}, {'id': 6378623, 'price': '1.58500000', 'qty': '51.22000000', 'quoteQty': '81.18370000', 'time': 1615128952189, 'isBuyerMaker': False, 'isBestMatch': True}, {'id': 6378624, 'price': '1.58510000', 'qty': '75.00000000', 'quoteQty': '118.88250000', 'time': 1615128952219, 'isBuyerMaker': False, 'isBestMatch': True}, {'id': 6378625, 'price': '1.58550000', 'qty': '187.50000000', 'quoteQty': '297.28125000', 'time': 1615128952219, 'isBuyerMaker': False, 'isBestMatch': True}, {'id': 6378626, 'price': '1.58560000', 'qty': '315.09000000', 'quoteQty': '499.60670400', 'time': 1615128952226, 'isBuyerMaker': False, 'isBestMatch': True}, {'id': 6378627, 'price': '1.58560000', 'qty': '59.91000000', 'quoteQty': '94.99329600', 'time': 1615128952230, 'isBuyerMaker': False, 'isBestMatch': True}, {'id': 6378628, 'price': '1.58600000', 'qty': '241.61000000', 'quoteQty': '383.19346000', 'time': 1615128952278, 'isBuyerMaker': False, 'isBestMatch': True}, {'id': 6378629, 'price': '1.58600000', 'qty': '18.80000000', 'quoteQty': '29.81680000', 'time': 1615128952278, 'isBuyerMaker': False, 'isBestMatch': True}, {'id': 6378630, 'price': '1.58590000', 'qty': '439.44000000', 'quoteQty': '696.90789600', 'time': 1615128952290, 'isBuyerMaker': False, 'isBestMatch': True}, {'id': 6378631, 'price': '1.58590000', 'qty': '275.60000000', 'quoteQty': '437.07404000', 'time': 1615128952294, 'isBuyerMaker': False, 'isBestMatch': True}, {'id': 6378632, 'price': '1.58590000', 'qty': '440.96000000', 'quoteQty': '699.31846400', 'time': 1615128952300, 'isBuyerMaker': False, 'isBestMatch': True}, {'id': 6378633, 'price': '1.58290000', 'qty': '131.54000000', 'quoteQty': '208.21466600', 'time': 1615128952909, 'isBuyerMaker': False, 'isBestMatch': True}, {'id': 6378634, 'price': '1.58200000', 'qty': '181.88000000', 'quoteQty': '287.73416000', 'time': 1615128953030, 'isBuyerMaker': True, 'isBestMatch': True}, {'id': 6378635, 'price': '1.58270000', 'qty': '31.00000000', 'quoteQty': '49.06370000', 'time': 1615128953673, 'isBuyerMaker': True, 'isBestMatch': True}, {'id': 6378636, 'price': '1.58270000', 'qty': '24.00000000', 'quoteQty': '37.98480000', 'time': 1615128953678, 'isBuyerMaker': True, 'isBestMatch': True}, {'id': 6378637, 'price': '1.58270000', 'qty': '685.38000000', 'quoteQty': '1084.75092600', 'time': 1615128953985, 'isBuyerMaker': True, 'isBestMatch': True}, {'id': 6378638, 'price': '1.58160000', 'qty': '154.66000000', 'quoteQty': '244.61025600', 'time': 1615128953985, 'isBuyerMaker': True, 'isBestMatch': True}, {'id': 6378639, 'price': '1.58210000', 'qty': '23.19000000', 'quoteQty': '36.68889900', 'time': 1615128954122, 'isBuyerMaker': True, 'isBestMatch': True}, {'id': 6378640, 'price': '1.58390000', 'qty': '231.63000000', 'quoteQty': '366.87875700', 'time': 1615128954825, 'isBuyerMaker': False, 'isBestMatch': True}, {'id': 6378641, 'price': '1.58400000', 'qty': '562.74000000', 'quoteQty': '891.38016000', 'time': 1615128954825, 'isBuyerMaker': False, 'isBestMatch': True}, {'id': 6378642, 'price': '1.58400000', 'qty': '231.63000000', 'quoteQty': '366.90192000', 'time': 1615128954835, 'isBuyerMaker': False, 'isBestMatch': True}, {'id': 6378643, 'price': '1.58390000', 'qty': '231.63000000', 'quoteQty': '366.87875700', 'time': 1615128954841, 'isBuyerMaker': False, 'isBestMatch': True}, {'id': 6378644, 'price': '1.58340000', 'qty': '89.91000000', 'quoteQty': '142.36349400', 'time': 1615128958407, 'isBuyerMaker': True, 'isBestMatch': True}, {'id': 6378645, 'price': '1.58390000', 'qty': '354.67000000', 'quoteQty': '561.76181300', 'time': 1615128959117, 'isBuyerMaker': True, 'isBestMatch': True}, {'id': 6378646, 'price': '1.58480000', 'qty': '15.78000000', 'quoteQty': '25.00814400', 'time': 1615128961577, 'isBuyerMaker': False, 'isBestMatch': True}, {'id': 6378647, 'price': '1.58480000', 'qty': '15.78000000', 'quoteQty': '25.00814400', 'time': 1615128961577, 'isBuyerMaker': False, 'isBestMatch': True}, {'id': 6378648, 'price': '1.58480000', 'qty': '15.78000000', 'quoteQty': '25.00814400', 'time': 1615128961577, 'isBuyerMaker': False, 'isBestMatch': True}, {'id': 6378649, 'price': '1.58480000', 'qty': '15.78000000', 'quoteQty': '25.00814400', 'time': 1615128961577, 'isBuyerMaker': False, 'isBestMatch': True}, {'id': 6378650, 'price': '1.58480000', 'qty': '15.78000000', 'quoteQty': '25.00814400', 'time': 1615128961577, 'isBuyerMaker': False, 'isBestMatch': True}, {'id': 6378651, 'price': '1.58480000', 'qty': '15.78000000', 'quoteQty': '25.00814400', 'time': 1615128961577, 'isBuyerMaker': False, 'isBestMatch': True}, {'id': 6378652, 'price': '1.58480000', 'qty': '15.78000000', 'quoteQty': '25.00814400', 'time': 1615128961577, 'isBuyerMaker': False, 'isBestMatch': True}, {'id': 6378653, 'price': '1.58480000', 'qty': '15.78000000', 'quoteQty': '25.00814400', 'time': 1615128961577, 'isBuyerMaker': False, 'isBestMatch': True}, {'id': 6378654, 'price': '1.58480000', 'qty': '12.69000000', 'quoteQty': '20.11111200', 'time': 1615128961577, 'isBuyerMaker': False, 'isBestMatch': True}, {'id': 6378655, 'price': '1.58490000', 'qty': '245.00000000', 'quoteQty': '388.30050000', 'time': 1615128961943, 'isBuyerMaker': False, 'isBestMatch': True}, {'id': 6378656, 'price': '1.58500000', 'qty': '198.60000000', 'quoteQty': '314.78100000', 'time': 1615128961967, 'isBuyerMaker': False, 'isBestMatch': True}, {'id': 6378657, 'price': '1.58500000', 'qty': '66.19000000', 'quoteQty': '104.91115000', 'time': 1615128961974, 'isBuyerMaker': False, 'isBestMatch': True}, {'id': 6378658, 'price': '1.58540000', 'qty': '280.00000000', 'quoteQty': '443.91200000', 'time': 1615128962001, 'isBuyerMaker': False, 'isBestMatch': True}, {'id': 6378659, 'price': '1.58560000', 'qty': '280.00000000', 'quoteQty': '443.96800000', 'time': 1615128962023, 'isBuyerMaker': False, 'isBestMatch': True}, {'id': 6378660, 'price': '1.58570000', 'qty': '15.00000000', 'quoteQty': '23.78550000', 'time': 1615128962314, 'isBuyerMaker': False, 'isBestMatch': True}, {'id': 6378661, 'price': '1.58570000', 'qty': '260.82000000', 'quoteQty': '413.58227400', 'time': 1615128964502, 'isBuyerMaker': False, 'isBestMatch': True}, {'id': 6378662, 'price': '1.58570000', 'qty': '220.07000000', 'quoteQty': '348.96499900', 'time': 1615128964558, 'isBuyerMaker': False, 'isBestMatch': True}, {'id': 6378663, 'price': '1.58600000', 'qty': '816.96000000', 'quoteQty': '1295.69856000', 'time': 1615128966677, 'isBuyerMaker': False, 'isBestMatch': True}, {'id': 6378664, 'price': '1.58600000', 'qty': '464.24000000', 'quoteQty': '736.28464000', 'time': 1615128966697, 'isBuyerMaker': False, 'isBestMatch': True}, {'id': 6378665, 'price': '1.58600000', 'qty': '124.99000000', 'quoteQty': '198.23414000', 'time': 1615128966697, 'isBuyerMaker': False, 'isBestMatch': True}, {'id': 6378666, 'price': '1.58640000', 'qty': '159.65000000', 'quoteQty': '253.26876000', 'time': 1615128966697, 'isBuyerMaker': False, 'isBestMatch': True}, {'id': 6378667, 'price': '1.58650000', 'qty': '542.25000000', 'quoteQty': '860.27962500', 'time': 1615128966697, 'isBuyerMaker': False, 'isBestMatch': True}, {'id': 6378668, 'price': '1.58650000', 'qty': '280.65000000', 'quoteQty': '445.25122500', 'time': 1615128966697, 'isBuyerMaker': False, 'isBestMatch': True}, {'id': 6378669, 'price': '1.58650000', 'qty': '200.00000000', 'quoteQty': '317.30000000', 'time': 1615128966697, 'isBuyerMaker': False, 'isBestMatch': True}, {'id': 6378670, 'price': '1.58650000', 'qty': '55.11000000', 'quoteQty': '87.43201500', 'time': 1615128966697, 'isBuyerMaker': False, 'isBestMatch': True}, {'id': 6378671, 'price': '1.58650000', 'qty': '9.45000000', 'quoteQty': '14.99242500', 'time': 1615128966697, 'isBuyerMaker': False, 'isBestMatch': True}, {'id': 6378672, 'price': '1.58660000', 'qty': '66.26000000', 'quoteQty': '105.12811600', 'time': 1615128966697, 'isBuyerMaker': False, 'isBestMatch': True}, {'id': 6378673, 'price': '1.58670000', 'qty': '12.00000000', 'quoteQty': '19.04040000', 'time': 1615128966697, 'isBuyerMaker': False, 'isBestMatch': True}, {'id': 6378674, 'price': '1.58680000', 'qty': '15.84000000', 'quoteQty': '25.13491200', 'time': 1615128966743, 'isBuyerMaker': False, 'isBestMatch': True}, {'id': 6378675, 'price': '1.58690000', 'qty': '311.07000000', 'quoteQty': '493.63698300', 'time': 1615128966743, 'isBuyerMaker': False, 'isBestMatch': True}, {'id': 6378676, 'price': '1.58690000', 'qty': '508.93000000', 'quoteQty': '807.62101700', 'time': 1615128966758, 'isBuyerMaker': False, 'isBestMatch': True}, {'id': 6378677, 'price': '1.58700000', 'qty': '37.30000000', 'quoteQty': '59.19510000', 'time': 1615128966758, 'isBuyerMaker': False, 'isBestMatch': True}, {'id': 6378678, 'price': '1.58710000', 'qty': '6486.60000000', 'quoteQty': '10294.88286000', 'time': 1615128966758, 'isBuyerMaker': False, 'isBestMatch': True}, {'id': 6378679, 'price': '1.58710000', 'qty': '354.67000000', 'quoteQty': '562.89675700', 'time': 1615128966766, 'isBuyerMaker': False, 'isBestMatch': True}, {'id': 6378680, 'price': '1.58470000', 'qty': '19.00000000', 'quoteQty': '30.10930000', 'time': 1615128967764, 'isBuyerMaker': True, 'isBestMatch': True}, {'id': 6378681, 'price': '1.58710000', 'qty': '15.76000000', 'quoteQty': '25.01269600', 'time': 1615128973359, 'isBuyerMaker': False, 'isBestMatch': True}, {'id': 6378682, 'price': '1.58710000', 'qty': '15.76000000', 'quoteQty': '25.01269600', 'time': 1615128973359, 'isBuyerMaker': False, 'isBestMatch': True}, {'id': 6378683, 'price': '1.58710000', 'qty': '15.76000000', 'quoteQty': '25.01269600', 'time': 1615128973359, 'isBuyerMaker': False, 'isBestMatch': True}, {'id': 6378684, 'price': '1.58710000', 'qty': '15.76000000', 'quoteQty': '25.01269600', 'time': 1615128973359, 'isBuyerMaker': False, 'isBestMatch': True}, {'id': 6378685, 'price': '1.58710000', 'qty': '15.76000000', 'quoteQty': '25.01269600', 'time': 1615128973359, 'isBuyerMaker': False, 'isBestMatch': True}, {'id': 6378686, 'price': '1.58710000', 'qty': '15.76000000', 'quoteQty': '25.01269600', 'time': 1615128973359, 'isBuyerMaker': False, 'isBestMatch': True}, {'id': 6378687, 'price': '1.58710000', 'qty': '15.76000000', 'quoteQty': '25.01269600', 'time': 1615128973359, 'isBuyerMaker': False, 'isBestMatch': True}, {'id': 6378688, 'price': '1.58710000', 'qty': '15.76000000', 'quoteQty': '25.01269600', 'time': 1615128973359, 'isBuyerMaker': False, 'isBestMatch': True}, {'id': 6378689, 'price': '1.58710000', 'qty': '12.63000000', 'quoteQty': '20.04507300', 'time': 1615128973359, 'isBuyerMaker': False, 'isBestMatch': True}, {'id': 6378690, 'price': '1.58720000', 'qty': '2.65000000', 'quoteQty': '4.20608000', 'time': 1615128973359, 'isBuyerMaker': False, 'isBestMatch': True}, {'id': 6378691, 'price': '1.58720000', 'qty': '214.34000000', 'quoteQty': '340.20044800', 'time': 1615128973798, 'isBuyerMaker': False, 'isBestMatch': True}, {'id': 6378692, 'price': '1.58600000', 'qty': '562.00000000', 'quoteQty': '891.33200000', 'time': 1615128974017, 'isBuyerMaker': False, 'isBestMatch': True}, {'id': 6378693, 'price': '1.58700000', 'qty': '206.49000000', 'quoteQty': '327.69963000', 'time': 1615128977853, 'isBuyerMaker': True, 'isBestMatch': True}, {'id': 6378694, 'price': '1.58700000', 'qty': '73.51000000', 'quoteQty': '116.66037000', 'time': 1615128977857, 'isBuyerMaker': True, 'isBestMatch': True}, {'id': 6378695, 'price': '1.58700000', 'qty': '132.98000000', 'quoteQty': '211.03926000', 'time': 1615128977857, 'isBuyerMaker': True, 'isBestMatch': True}, {'id': 6378696, 'price': '1.58710000', 'qty': '280.00000000', 'quoteQty': '444.38800000', 'time': 1615128978733, 'isBuyerMaker': True, 'isBestMatch': True}, {'id': 6378697, 'price': '1.58700000', 'qty': '619.50000000', 'quoteQty': '983.14650000', 'time': 1615128978733, 'isBuyerMaker': True, 'isBestMatch': True}, {'id': 6378698, 'price': '1.58610000', 'qty': '118.03000000', 'quoteQty': '187.20738300', 'time': 1615128978733, 'isBuyerMaker': True, 'isBestMatch': True}, {'id': 6378699, 'price': '1.58600000', 'qty': '562.00000000', 'quoteQty': '891.33200000', 'time': 1615128978733, 'isBuyerMaker': True, 'isBestMatch': True}, {'id': 6378700, 'price': '1.58550000', 'qty': '260.53000000', 'quoteQty': '413.07031500', 'time': 1615128978733, 'isBuyerMaker': True, 'isBestMatch': True}, {'id': 6378701, 'price': '1.58550000', 'qty': '460.54000000', 'quoteQty': '730.18617000', 'time': 1615128978733, 'isBuyerMaker': True, 'isBestMatch': True}, {'id': 6378702, 'price': '1.58540000', 'qty': '3500.00000000', 'quoteQty': '5548.90000000', 'time': 1615128978733, 'isBuyerMaker': True, 'isBestMatch': True}, {'id': 6378703, 'price': '1.58490000', 'qty': '971.02000000', 'quoteQty': '1538.96959800', 'time': 1615128978733, 'isBuyerMaker': True, 'isBestMatch': True}, {'id': 6378704, 'price': '1.58480000', 'qty': '300.00000000', 'quoteQty': '475.44000000', 'time': 1615128978733, 'isBuyerMaker': True, 'isBestMatch': True}, {'id': 6378705, 'price': '1.58470000', 'qty': '790.97000000', 'quoteQty': '1253.45015900', 'time': 1615128978733, 'isBuyerMaker': True, 'isBestMatch': True}, {'id': 6378706, 'price': '1.58460000', 'qty': '137.41000000', 'quoteQty': '217.73988600', 'time': 1615128978733, 'isBuyerMaker': True, 'isBestMatch': True}, {'id': 6378707, 'price': '1.58680000', 'qty': '100.00000000', 'quoteQty': '158.68000000', 'time': 1615128982188, 'isBuyerMaker': True, 'isBestMatch': True}, {'id': 6378708, 'price': '1.58680000', 'qty': '180.00000000', 'quoteQty': '285.62400000', 'time': 1615128982191, 'isBuyerMaker': True, 'isBestMatch': True}, {'id': 6378709, 'price': '1.58700000', 'qty': '85.72000000', 'quoteQty': '136.03764000', 'time': 1615128986047, 'isBuyerMaker': False, 'isBestMatch': True}, {'id': 6378710, 'price': '1.58700000', 'qty': '150.16000000', 'quoteQty': '238.30392000', 'time': 1615128988262, 'isBuyerMaker': False, 'isBestMatch': True}, {'id': 6378711, 'price': '1.58700000', 'qty': '0.01000000', 'quoteQty': '0.01587000', 'time': 1615128988264, 'isBuyerMaker': False, 'isBestMatch': True}, {'id': 6378712, 'price': '1.58720000', 'qty': '2.65000000', 'quoteQty': '4.20608000', 'time': 1615128989098, 'isBuyerMaker': False, 'isBestMatch': True}, {'id': 6378713, 'price': '1.58790000', 'qty': '576.16000000', 'quoteQty': '914.88446400', 'time': 1615128989504, 'isBuyerMaker': False, 'isBestMatch': True}, {'id': 6378714, 'price': '1.58800000', 'qty': '1000.00000000', 'quoteQty': '1588.00000000', 'time': 1615128989920, 'isBuyerMaker': False, 'isBestMatch': True}, {'id': 6378715, 'price': '1.58710000', 'qty': '165.75000000', 'quoteQty': '263.06182500', 'time': 1615128994649, 'isBuyerMaker': True, 'isBestMatch': True}, {'id': 6378716, 'price': '1.58710000', 'qty': '15.41000000', 'quoteQty': '24.45721100', 'time': 1615128996854, 'isBuyerMaker': True, 'isBestMatch': True}], 'historical': [{'id': 6378217, 'price': '1.58250000', 'qty': '39.68000000', 'quoteQty': '62.79360000', 'time': 1615128615010, 'isBuyerMaker': True, 'isBestMatch': True}, {'id': 6378218, 'price': '1.58230000', 'qty': '41.07000000', 'quoteQty': '64.98506100', 'time': 1615128615018, 'isBuyerMaker': False, 'isBestMatch': True}, {'id': 6378219, 'price': '1.58260000', 'qty': '25.16000000', 'quoteQty': '39.81821600', 'time': 1615128621434, 'isBuyerMaker': True, 'isBestMatch': True}, {'id': 6378220, 'price': '1.58260000', 'qty': '39.35000000', 'quoteQty': '62.27531000', 'time': 1615128625754, 'isBuyerMaker': False, 'isBestMatch': True}, {'id': 6378221, 'price': '1.58400000', 'qty': '78.00000000', 'quoteQty': '123.55200000', 'time': 1615128626109, 'isBuyerMaker': False, 'isBestMatch': True}, {'id': 6378222, 'price': '1.58410000', 'qty': '734.20000000', 'quoteQty': '1163.04622000', 'time': 1615128626109, 'isBuyerMaker': False, 'isBestMatch': True}, {'id': 6378223, 'price': '1.58420000', 'qty': '632.09000000', 'quoteQty': '1001.35697800', 'time': 1615128626109, 'isBuyerMaker': False, 'isBestMatch': True}, {'id': 6378224, 'price': '1.58420000', 'qty': '60.71000000', 'quoteQty': '96.17678200', 'time': 1615128626116, 'isBuyerMaker': True, 'isBestMatch': True}, {'id': 6378225, 'price': '1.58230000', 'qty': '18.02000000', 'quoteQty': '28.51304600', 'time': 1615128626652, 'isBuyerMaker': True, 'isBestMatch': True}, {'id': 6378226, 'price': '1.58160000', 'qty': '23.68000000', 'quoteQty': '37.45228800', 'time': 1615128626652, 'isBuyerMaker': True, 'isBestMatch': True}, {'id': 6378227, 'price': '1.58400000', 'qty': '15.79000000', 'quoteQty': '25.01136000', 'time': 1615128627344, 'isBuyerMaker': False, 'isBestMatch': True}, {'id': 6378228, 'price': '1.58400000', 'qty': '15.79000000', 'quoteQty': '25.01136000', 'time': 1615128627344, 'isBuyerMaker': False, 'isBestMatch': True}, {'id': 6378229, 'price': '1.58400000', 'qty': '15.79000000', 'quoteQty': '25.01136000', 'time': 1615128627344, 'isBuyerMaker': False, 'isBestMatch': True}, {'id': 6378230, 'price': '1.58400000', 'qty': '15.79000000', 'quoteQty': '25.01136000', 'time': 1615128627344, 'isBuyerMaker': False, 'isBestMatch': True}, {'id': 6378231, 'price': '1.58400000', 'qty': '15.79000000', 'quoteQty': '25.01136000', 'time': 1615128627344, 'isBuyerMaker': False, 'isBestMatch': True}, {'id': 6378232, 'price': '1.58400000', 'qty': '15.79000000', 'quoteQty': '25.01136000', 'time': 1615128627344, 'isBuyerMaker': False, 'isBestMatch': True}, {'id': 6378233, 'price': '1.58400000', 'qty': '15.79000000', 'quoteQty': '25.01136000', 'time': 1615128627344, 'isBuyerMaker': False, 'isBestMatch': True}, {'id': 6378234, 'price': '1.58400000', 'qty': '15.79000000', 'quoteQty': '25.01136000', 'time': 1615128627344, 'isBuyerMaker': False, 'isBestMatch': True}, {'id': 6378235, 'price': '1.58400000', 'qty': '12.66000000', 'quoteQty': '20.05344000', 'time': 1615128627344, 'isBuyerMaker': False, 'isBestMatch': True}, {'id': 6378236, 'price': '1.58410000', 'qty': '729.66000000', 'quoteQty': '1155.85440600', 'time': 1615128627344, 'isBuyerMaker': False, 'isBestMatch': True}, {'id': 6378237, 'price': '1.58420000', 'qty': '632.09000000', 'quoteQty': '1001.35697800', 'time': 1615128627344, 'isBuyerMaker': False, 'isBestMatch': True}, {'id': 6378238, 'price': '1.58480000', 'qty': '400.00000000', 'quoteQty': '633.92000000', 'time': 1615128627344, 'isBuyerMaker': False, 'isBestMatch': True}, {'id': 6378239, 'price': '1.58510000', 'qty': '375.00000000', 'quoteQty': '594.41250000', 'time': 1615128627344, 'isBuyerMaker': False, 'isBestMatch': True}, {'id': 6378240, 'price': '1.58520000', 'qty': '631.71000000', 'quoteQty': '1001.38669200', 'time': 1615128627344, 'isBuyerMaker': False, 'isBestMatch': True}, {'id': 6378241, 'price': '1.58540000', 'qty': '414.69000000', 'quoteQty': '657.44952600', 'time': 1615128627344, 'isBuyerMaker': False, 'isBestMatch': True}, {'id': 6378242, 'price': '1.58550000', 'qty': '16451.87000000', 'quoteQty': '26084.43988500', 'time': 1615128627344, 'isBuyerMaker': False, 'isBestMatch': True}, {'id': 6378243, 'price': '1.58290000', 'qty': '15.77000000', 'quoteQty': '24.96233300', 'time': 1615128629060, 'isBuyerMaker': True, 'isBestMatch': True}, {'id': 6378244, 'price': '1.58290000', 'qty': '15.77000000', 'quoteQty': '24.96233300', 'time': 1615128629060, 'isBuyerMaker': True, 'isBestMatch': True}, {'id': 6378245, 'price': '1.58290000', 'qty': '15.77000000', 'quoteQty': '24.96233300', 'time': 1615128629060, 'isBuyerMaker': True, 'isBestMatch': True}, {'id': 6378246, 'price': '1.58290000', 'qty': '15.77000000', 'quoteQty': '24.96233300', 'time': 1615128629060, 'isBuyerMaker': True, 'isBestMatch': True}, {'id': 6378247, 'price': '1.58290000', 'qty': '15.77000000', 'quoteQty': '24.96233300', 'time': 1615128629060, 'isBuyerMaker': True, 'isBestMatch': True}, {'id': 6378248, 'price': '1.58290000', 'qty': '15.77000000', 'quoteQty': '24.96233300', 'time': 1615128629060, 'isBuyerMaker': True, 'isBestMatch': True}, {'id': 6378249, 'price': '1.58290000', 'qty': '15.77000000', 'quoteQty': '24.96233300', 'time': 1615128629060, 'isBuyerMaker': True, 'isBestMatch': True}, {'id': 6378250, 'price': '1.58290000', 'qty': '15.77000000', 'quoteQty': '24.96233300', 'time': 1615128629060, 'isBuyerMaker': True, 'isBestMatch': True}, {'id': 6378251, 'price': '1.58290000', 'qty': '12.68000000', 'quoteQty': '20.07117200', 'time': 1615128629060, 'isBuyerMaker': True, 'isBestMatch': True}, {'id': 6378252, 'price': '1.58280000', 'qty': '101.79000000', 'quoteQty': '161.11321200', 'time': 1615128629060, 'isBuyerMaker': True, 'isBestMatch': True}, {'id': 6378253, 'price': '1.58280000', 'qty': '324.41000000', 'quoteQty': '513.47614800', 'time': 1615128630088, 'isBuyerMaker': True, 'isBestMatch': True}, {'id': 6378254, 'price': '1.58280000', 'qty': '8.28000000', 'quoteQty': '13.10558400', 'time': 1615128631966, 'isBuyerMaker': True, 'isBestMatch': True}, {'id': 6378255, 'price': '1.58580000', 'qty': '15.77000000', 'quoteQty': '25.00806600', 'time': 1615128639028, 'isBuyerMaker': False, 'isBestMatch': True}, {'id': 6378256, 'price': '1.58580000', 'qty': '15.77000000', 'quoteQty': '25.00806600', 'time': 1615128639028, 'isBuyerMaker': False, 'isBestMatch': True}, {'id': 6378257, 'price': '1.58580000', 'qty': '15.77000000', 'quoteQty': '25.00806600', 'time': 1615128639028, 'isBuyerMaker': False, 'isBestMatch': True}, {'id': 6378258, 'price': '1.58580000', 'qty': '15.77000000', 'quoteQty': '25.00806600', 'time': 1615128639028, 'isBuyerMaker': False, 'isBestMatch': True}, {'id': 6378259, 'price': '1.58580000', 'qty': '15.77000000', 'quoteQty': '25.00806600', 'time': 1615128639028, 'isBuyerMaker': False, 'isBestMatch': True}, {'id': 6378260, 'price': '1.58580000', 'qty': '15.77000000', 'quoteQty': '25.00806600', 'time': 1615128639028, 'isBuyerMaker': False, 'isBestMatch': True}, {'id': 6378261, 'price': '1.58580000', 'qty': '15.77000000', 'quoteQty': '25.00806600', 'time': 1615128639028, 'isBuyerMaker': False, 'isBestMatch': True}, {'id': 6378262, 'price': '1.58580000', 'qty': '15.77000000', 'quoteQty': '25.00806600', 'time': 1615128639028, 'isBuyerMaker': False, 'isBestMatch': True}, {'id': 6378263, 'price': '1.58580000', 'qty': '12.69000000', 'quoteQty': '20.12380200', 'time': 1615128639028, 'isBuyerMaker': False, 'isBestMatch': True}, {'id': 6378264, 'price': '1.58590000', 'qty': '608.27000000', 'quoteQty': '964.65539300', 'time': 1615128639028, 'isBuyerMaker': False, 'isBestMatch': True}, {'id': 6378265, 'price': '1.58610000', 'qty': '252.88000000', 'quoteQty': '401.09296800', 'time': 1615128639028, 'isBuyerMaker': False, 'isBestMatch': True}, {'id': 6378266, 'price': '1.58360000', 'qty': '334.85000000', 'quoteQty': '530.26846000', 'time': 1615128640827, 'isBuyerMaker': True, 'isBestMatch': True}, {'id': 6378267, 'price': '1.58600000', 'qty': '15.77000000', 'quoteQty': '25.01122000', 'time': 1615128642099, 'isBuyerMaker': False, 'isBestMatch': True}, {'id': 6378268, 'price': '1.58600000', 'qty': '7.17000000', 'quoteQty': '11.37162000', 'time': 1615128642099, 'isBuyerMaker': False, 'isBestMatch': True}, {'id': 6378269, 'price': '1.58360000', 'qty': '435.23000000', 'quoteQty': '689.23022800', 'time': 1615128648229, 'isBuyerMaker': True, 'isBestMatch': True}, {'id': 6378270, 'price': '1.58330000', 'qty': '276.74000000', 'quoteQty': '438.16244200', 'time': 1615128648229, 'isBuyerMaker': True, 'isBestMatch': True}, {'id': 6378271, 'price': '1.58320000', 'qty': '400.00000000', 'quoteQty': '633.28000000', 'time': 1615128648229, 'isBuyerMaker': True, 'isBestMatch': True}, {'id': 6378272, 'price': '1.58290000', 'qty': '97.33000000', 'quoteQty': '154.06365700', 'time': 1615128648229, 'isBuyerMaker': True, 'isBestMatch': True}, {'id': 6378273, 'price': '1.58280000', 'qty': '18.95000000', 'quoteQty': '29.99406000', 'time': 1615128648229, 'isBuyerMaker': True, 'isBestMatch': True}, {'id': 6378274, 'price': '1.58240000', 'qty': '24.86000000', 'quoteQty': '39.33846400', 'time': 1615128648229, 'isBuyerMaker': True, 'isBestMatch': True}, {'id': 6378275, 'price': '1.58550000', 'qty': '15.78000000', 'quoteQty': '25.01919000', 'time': 1615128652625, 'isBuyerMaker': False, 'isBestMatch': True}, {'id': 6378276, 'price': '1.58550000', 'qty': '15.78000000', 'quoteQty': '25.01919000', 'time': 1615128652625, 'isBuyerMaker': False, 'isBestMatch': True}, {'id': 6378277, 'price': '1.58550000', 'qty': '15.78000000', 'quoteQty': '25.01919000', 'time': 1615128652625, 'isBuyerMaker': False, 'isBestMatch': True}, {'id': 6378278, 'price': '1.58550000', 'qty': '10.16000000', 'quoteQty': '16.10868000', 'time': 1615128652625, 'isBuyerMaker': False, 'isBestMatch': True}, {'id': 6378279, 'price': '1.58310000', 'qty': '15.78000000', 'quoteQty': '24.98131800', 'time': 1615128655010, 'isBuyerMaker': True, 'isBestMatch': True}, {'id': 6378280, 'price': '1.58310000', 'qty': '15.78000000', 'quoteQty': '24.98131800', 'time': 1615128655010, 'isBuyerMaker': True, 'isBestMatch': True}, {'id': 6378281, 'price': '1.58310000', 'qty': '15.78000000', 'quoteQty': '24.98131800', 'time': 1615128655010, 'isBuyerMaker': True, 'isBestMatch': True}, {'id': 6378282, 'price': '1.58310000', 'qty': '15.78000000', 'quoteQty': '24.98131800', 'time': 1615128655010, 'isBuyerMaker': True, 'isBestMatch': True}, {'id': 6378283, 'price': '1.58310000', 'qty': '15.78000000', 'quoteQty': '24.98131800', 'time': 1615128655010, 'isBuyerMaker': True, 'isBestMatch': True}, {'id': 6378284, 'price': '1.58310000', 'qty': '15.78000000', 'quoteQty': '24.98131800', 'time': 1615128655010, 'isBuyerMaker': True, 'isBestMatch': True}, {'id': 6378285, 'price': '1.58310000', 'qty': '15.78000000', 'quoteQty': '24.98131800', 'time': 1615128655010, 'isBuyerMaker': True, 'isBestMatch': True}, {'id': 6378286, 'price': '1.58310000', 'qty': '15.78000000', 'quoteQty': '24.98131800', 'time': 1615128655010, 'isBuyerMaker': True, 'isBestMatch': True}, {'id': 6378287, 'price': '1.58310000', 'qty': '12.62000000', 'quoteQty': '19.97872200', 'time': 1615128655010, 'isBuyerMaker': True, 'isBestMatch': True}, {'id': 6378288, 'price': '1.58300000', 'qty': '343.31000000', 'quoteQty': '543.45973000', 'time': 1615128655010, 'isBuyerMaker': True, 'isBestMatch': True}, {'id': 6378289, 'price': '1.58550000', 'qty': '5.62000000', 'quoteQty': '8.91051000', 'time': 1615128656707, 'isBuyerMaker': False, 'isBestMatch': True}, {'id': 6378290, 'price': '1.58550000', 'qty': '15.78000000', 'quoteQty': '25.01919000', 'time': 1615128656707, 'isBuyerMaker': False, 'isBestMatch': True}, {'id': 6378291, 'price': '1.58550000', 'qty': '15.78000000', 'quoteQty': '25.01919000', 'time': 1615128656707, 'isBuyerMaker': False, 'isBestMatch': True}, {'id': 6378292, 'price': '1.58550000', 'qty': '15.78000000', 'quoteQty': '25.01919000', 'time': 1615128656707, 'isBuyerMaker': False, 'isBestMatch': True}, {'id': 6378293, 'price': '1.58550000', 'qty': '15.78000000', 'quoteQty': '25.01919000', 'time': 1615128656707, 'isBuyerMaker': False, 'isBestMatch': True}, {'id': 6378294, 'price': '1.58550000', 'qty': '12.63000000', 'quoteQty': '20.02486500', 'time': 1615128656707, 'isBuyerMaker': False, 'isBestMatch': True}, {'id': 6378295, 'price': '1.58560000', 'qty': '108.63000000', 'quoteQty': '172.24372800', 'time': 1615128656707, 'isBuyerMaker': False, 'isBestMatch': True}, {'id': 6378296, 'price': '1.58550000', 'qty': '9.98000000', 'quoteQty': '15.82329000', 'time': 1615128661539, 'isBuyerMaker': False, 'isBestMatch': True}, {'id': 6378297, 'price': '1.58340000', 'qty': '25.26000000', 'quoteQty': '39.99668400', 'time': 1615128662067, 'isBuyerMaker': True, 'isBestMatch': True}, {'id': 6378298, 'price': '1.58550000', 'qty': '32.09000000', 'quoteQty': '50.87869500', 'time': 1615128663785, 'isBuyerMaker': False, 'isBestMatch': True}, {'id': 6378299, 'price': '1.58560000', 'qty': '25.24000000', 'quoteQty': '40.02054400', 'time': 1615128663785, 'isBuyerMaker': False, 'isBestMatch': True}, {'id': 6378300, 'price': '1.58550000', 'qty': '7.07000000', 'quoteQty': '11.20948500', 'time': 1615128663801, 'isBuyerMaker': True, 'isBestMatch': True}, {'id': 6378301, 'price': '1.58380000', 'qty': '80.48000000', 'quoteQty': '127.46422400', 'time': 1615128666979, 'isBuyerMaker': True, 'isBestMatch': True}, {'id': 6378302, 'price': '1.58560000', 'qty': '220.80000000', 'quoteQty': '350.10048000', 'time': 1615128670071, 'isBuyerMaker': False, 'isBestMatch': True}, {'id': 6378303, 'price': '1.58560000', 'qty': '141.37000000', 'quoteQty': '224.15627200', 'time': 1615128672226, 'isBuyerMaker': False, 'isBestMatch': True}, {'id': 6378304, 'price': '1.58560000', 'qty': '38.68000000', 'quoteQty': '61.33100800', 'time': 1615128673321, 'isBuyerMaker': False, 'isBestMatch': True}, {'id': 6378305, 'price': '1.58380000', 'qty': '679.44000000', 'quoteQty': '1076.09707200', 'time': 1615128673650, 'isBuyerMaker': True, 'isBestMatch': True}, {'id': 6378306, 'price': '1.58370000', 'qty': '78.75000000', 'quoteQty': '124.71637500', 'time': 1615128673650, 'isBuyerMaker': True, 'isBestMatch': True}, {'id': 6378307, 'price': '1.58360000', 'qty': '375.00000000', 'quoteQty': '593.85000000', 'time': 1615128673650, 'isBuyerMaker': True, 'isBestMatch': True}, {'id': 6378308, 'price': '1.58360000', 'qty': '360.02000000', 'quoteQty': '570.12767200', 'time': 1615128673650, 'isBuyerMaker': True, 'isBestMatch': True}, {'id': 6378309, 'price': '1.58350000', 'qty': '1226.76000000', 'quoteQty': '1942.57446000', 'time': 1615128673650, 'isBuyerMaker': True, 'isBestMatch': True}, {'id': 6378310, 'price': '1.58380000', 'qty': '16.66000000', 'quoteQty': '26.38610800', 'time': 1615128677658, 'isBuyerMaker': True, 'isBestMatch': True}, {'id': 6378311, 'price': '1.58360000', 'qty': '15.77000000', 'quoteQty': '24.97337200', 'time': 1615128677658, 'isBuyerMaker': True, 'isBestMatch': True}, {'id': 6378312, 'price': '1.58360000', 'qty': '15.77000000', 'quoteQty': '24.97337200', 'time': 1615128677658, 'isBuyerMaker': True, 'isBestMatch': True}, {'id': 6378313, 'price': '1.58360000', 'qty': '15.77000000', 'quoteQty': '24.97337200', 'time': 1615128677658, 'isBuyerMaker': True, 'isBestMatch': True}, {'id': 6378314, 'price': '1.58360000', 'qty': '6.12000000', 'quoteQty': '9.69163200', 'time': 1615128677658, 'isBuyerMaker': True, 'isBestMatch': True}